2858 4890
174 402 243 451 nm.
261 387 302 468 1.]
396 403 510 452 unsri
536 403 666 452 runnu
694 403 906 452 uucnoauu.
1068 386 1133 452 113

173 557 322 640 agimus.
392 560 496 640 Quod
537 583 621 627 vero
653 563 845 645 legitimum
875 562 1130 627 matrimonium

173 661 322 743 spernis,
338 661 368 725 si
394 682 457 745 pro
479 664 642 728 castitate
666 664 809 741 faceres
826 671 918 727 esset
935 664 1129 730 laudabile:

173 759 234 823 sed
262 761 346 842 quia
371 762 408 825 in
437 763 578 827 luxuria
602 765 696 828 etin
719 765 890 828 adulterio
915 763 1019 827 etiam
1052 784 1129 828 cum

172 861 494 927 sanctimonialibus
534 864 715 941 volutaris,
748 872 802 928 est
833 863 1061 946 vituperabile
1094 874 1130 930 et

174 959 391 1042 damnabile;
416 982 496 1027 nam
514 972 549 1028 et
574 963 702 1028 famam
726 964 847 1045 gloriae
863 972 989 1028 vestrae
1012 983 1127 1029 coram

174 1060 252 1125 Deo
268 1070 303 1126 et
320 1061 517 1127 hominibus
543 1064 734 1140 confundit,
751 1072 787 1128 et
809 1065 900 1128 inter
924 1064 1127 1129 idololatras

173 1161 366 1240 constituit,
398 1163 481 1246 quia
514 1164 681 1247 templum
714 1165 783 1228 Dei
815 1163 967 1228 violasti.
1029 1162 1127 1242 Qua-

173 1270 325 1345 propter,
343 1262 392 1326 fili
405 1265 593 1343 carissime,
607 1257 755 1347 ¹poenite
766 1272 802 1328 et
818 1284 1008 1328 memorare
1022 1283 1127 1348 quam

174 1370 274 1446 turpe
299 1363 356 1440 sit,
384 1371 425 1428 ut
452 1373 502 1441 tu,
526 1365 586 1446 qui
613 1365 731 1429 multis
755 1366 916 1446 gentibus
942 1366 1034 1428 dono
1060 1365 1127 1430 Dei

175 1462 375 1540 dominaris,
400 1464 443 1528 ad
468 1464 631 1549 injuriam
654 1465 729 1550 ejus
752 1466 799 1529 sis
819 1465 969 1528 libidinis
992 1485 1125 1529 servus.

175 1559 383 1628 Audivimus
405 1573 574 1646 praeterea
588 1566 680 1649 quod
697 1565 882 1647 optimates
897 1584 984 1646 pene
1007 1584 1127 1629 omnes

175 1664 289 1745 gentis
307 1663 518 1729 Marciorum
540 1672 601 1729 tuo
618 1666 778 1747 exemplo
801 1664 974 1746 legitimas
997 1684 1125 1729 uxores

173 1763 345 1841 deserant,
369 1773 403 1829 et
425 1765 601 1830 adulteras
627 1775 662 1831 et
679 1764 959 1829 sanctimoniales
984 1771 1125 1829 constu-

172 1873 294 1945 prent3
317 1865 422 1948 quod,
438 1885 543 1949 quam
567 1867 613 1930 sit
634 1866 852 1950 peregrinum
870 1867 914 1929 ab
930 1865 1124 1943 honestate,

170 1964 296 2029 doceat
309 1985 372 2028 vos
398 1965 520 2030 alienae
546 1968 660 2048 gentis
685 1966 880 2030 institutio:
905 1967 1042 2029 namin
1061 1984 1123 2029 au-

170 2066 270 2148 tiqua
289 2064 453 2142 saxonia,
468 2067 528 2130 ubi
551 2067 647 2130 nulla
673 2075 726 2131 est
749 2065 880 2131 Christi
906 2066 1071 2148 cognitio,
1094 2066 1124 2131 si

172 2166 273 2247 virgo
288 2165 324 2228 in
341 2174 487 2248 paterna
506 2167 619 2244 domo,
636 2168 691 2231 vel
705 2167 870 2231 maritata
884 2167 949 2230 sub
964 2166 1125 2250 conjuge,

172 2264 276 2330 suerit
312 2267 519 2344 adulterata,
556 2287 661 2332 manu
700 2268 840 2350 propria
871 2266 1124 2348 strangulatam

172 2374 338 2444 cremant,
361 2375 396 2432 et
419 2387 525 2450 supra
549 2367 679 2432 fossam
711 2368 856 2451 sepultae
888 2375 1124 2450 corruptorem

172 2466 407 2551 suspendunt3
423 2477 497 2545 aut,
513 2468 765 2550 cingulotenus
778 2468 933 2533 vestibus
951 2467 1124 2546 abscissis,

173 2566 352 2650 flagellant
379 2588 455 2632 eam
477 2575 583 2633 castae
612 2576 781 2632 matronae
803 2575 838 2632 et
861 2568 1011 2632 cultellis
1035 2588 1123 2650 pun-

171 2677 271 2749 gunt,
285 2677 320 2733 et
337 2668 379 2733 de
393 2669 478 2733 villa
498 2670 535 2732 in
551 2669 671 2733 villam
689 2669 803 2733 missae
818 2677 1003 2732 occurrunt
1024 2687 1124 2732 novae

171 2768 426 2850 flagellatrices,
440 2769 549 2833 donec
563 2768 775 2834 interimant.
814 2768 962 2850 Insuper
977 2776 1012 2832 et
1027 2760 1122 2831 ²Wi·

173 2870 263 2946 nedi,
280 2871 372 2953 quod
387 2878 441 2934 est
456 2869 681 2933 foedissimum
705 2888 814 2950 genus
828 2868 1016 2945 homiuum,
1031 2867 1123 2933 hunc

172 2969 300 3033 habent
309 2990 438 3034 morem
451 2990 460 3049 3
475 2978 516 3033 ut
533 2970 665 3047 mulier,
680 2969 755 3033 viro
770 2976 919 3045 mortuo,
936 2988 973 3032 se
988 2968 1023 3031 in
1038 2988 1123 3050 rogo

171 3071 313 3135 cremati
335 3071 467 3154 pariter
488 3089 610 3134 arsura
624 3069 829 3154 praecipitet.
882 3067 920 3132 Si
937 3089 1021 3150 ergo
1036 3087 1121 3150 gen.

170 3170 261 3248 tiles,
273 3171 387 3235 Deum
402 3171 615 3252 ignorantes
629 3178 766 3235 tantum
783 3169 894 3232 zelum
908 3169 1121 3233 castimoniae

171 3270 310 3348 habent,
343 3271 425 3355 quid
454 3271 518 3335 tibi
553 3270 727 3348 convenit,
759 3270 808 3333 fili
841 3270 1028 3347 carissime,
1062 3270 1123 3353 qui

171 3371 390 3437 Christianus
407 3379 442 3435 et
462 3392 524 3436 rex
542 3373 605 3436 esi
659 3371 769 3435 Parce
788 3390 870 3452 ergo
887 3371 1011 3434 animae
1027 3378 1120 3450 tuae3

170 3492 273 3555 parce
291 3472 503 3536 multitudini
528 3471 646 3555 populi
670 3480 731 3536 tuo
752 3470 927 3551 pereuntis
950 3471 1121 3554 exemplo,

170 3572 213 3637 de
244 3593 391 3656 quorum
425 3572 605 3636 animabus
638 3572 833 3635 redditurus
870 3590 907 3633 es
940 3572 1122 3636 rationem.

169 3672 323 3739 Attende
346 3681 381 3737 et
408 3671 514 3736 illud:
539 3672 684 3754 quodsi
707 3691 793 3752 gens
810 3668 1016 3753 Anglorum,
1032 3672 1123 3736 sicut

205 3984 346 4047 ¹Poenite.]
363 3982 397 4033 A.
415 3986 444 4033 C.
462 3985 494 4032 Ε.
510 3985 559 4043 L.;
578 3999 633 4045 poe-
658 3983 745 4032 seated
764 3998 796 4031 on
815 3981 857 4031 tho
874 3981 985 4040 Vistula,
1001 3996 1062 4030 near
1079 3982 1121 4032 the

168 4059 247 4107 niteat
258 4061 293 4116 te,
305 4055 351 4115 S.;
368 4056 500 4116 poenitere,
512 4055 546 4105 D.
560 4055 597 4103 M.
659 4054 752 4103 Baltic.
800 4052 863 4101 Cod.
887 4051 984 4100 Gaesar.
1006 4051 1123 4103 likewise

659 4124 734 4173 reads
761 4122 898 4182 ‘Winedi,'
933 4123 979 4170 bnt
1012 4122 1123 4172 Willrins

205 4195 352 4258 'Winedifl
373 4194 427 4242 The
447 4195 549 4253 Winedi
568 4210 634 4243 were
660 4194 747 4255 ‘apud
759 4193 872 4242 Persas!

961 4302 972 4347 1
