2858 4890
354 401 421 465 354
571 415 684 463 unsri
708 415 835 463 nncuu
860 415 1075 463 Aucnonuu.
1164 401 1252 481 [nm.
1271 415 1308 461 ιι.

357 573 521 638 ferociam
547 570 710 649 eluserat,
737 569 834 634 nullo
860 569 1042 634 conamine
1065 577 1106 635 ut
1124 577 1310 653 stuppeum

358 672 533 739 vinculum
549 671 689 752 dirupit.
737 670 945 752 Operculum
960 671 1065 734 etiam
1080 673 1208 734 tumbae
1224 671 1312 753 pede

360 773 494 856 depulit
507 792 516 849 3
541 770 860 853 apprehensamque
875 790 993 848 manu,
1007 771 1123 852 palam
1139 770 1312 847 omnibns,

361 875 407 937 ab
441 871 586 935 ecclesia
621 871 798 936 extraxit:
827 871 887 934 nbi
916 890 988 953 prae
1007 870 1151 934 vforibus
1190 889 1312 953 equus,

363 973 462 1053 niger
483 978 518 1035 et
537 973 717 1052 superbus,
740 970 899 1034 hinniens
915 969 1107 1047 videbatur,
1124 970 1223 1034 uncis
1246 970 1313 1033 ser·

364 1071 433 1135 reis
462 1090 524 1153 per
553 1076 664 1133 totum
691 1078 827 1151 tergum
854 1070 1177 1152 protuberantibus3
1210 1088 1316 1152 snper

367 1189 455 1255 quos
472 1171 599 1233 misera
613 1170 787 1253 imposita,
808 1190 891 1234 mox
904 1172 948 1234 ab
962 1171 1072 1235 oculis
1094 1170 1315 1246 intuentium,

366 1290 446 1335 cum
471 1277 545 1334 toto
571 1270 732 1335 sodalitio
761 1270 942 1352 disparuit.
995 1268 1238 1334 Audiebantur
1260 1277 1315 1334 ta·

368 1390 447 1436 men
473 1370 640 1434 clamores
667 1389 729 1452 per
750 1376 902 1453 quatuor
923 1369 995 1433 sere
1023 1370 1185 1433 milliaria
1213 1369 1315 1433 mise·

368 1470 495 1534 rabiles
515 1469 693 1552 suppetias
715 1471 858 1534 orantis.
912 1468 989 1533 Ista
1011 1469 1225 1533 incredibilia
1247 1489 1319 1533 non
1383 1514 1385 1518 ι

365 1569 537 1655 judicabit
564 1570 625 1651 qui
653 1570 775 1650 legerit
796 1569 890 1634 beati
913 1562 1093 1651 ¹Gregorii
1115 1568 1318 1651 Dialogum

371 1670 431 1753 qui
455 1667 558 1733 refert
581 1669 616 1730 in
638 1677 763 1752 quarto
789 1669 877 1733 libro
902 1688 1050 1751 nequam
1073 1667 1258 1746 hominem,
1281 1670 1320 1732 in

370 1769 517 1834 ecclesia
543 1768 728 1850 sepultum,
754 1789 777 1833 a
796 1769 1011 1833 daemonibus
1037 1767 1130 1832 foras
1156 1768 1319 1852 ejectum.

372 1867 478 1951 Apud
506 1868 659 1932 Francos
686 1888 823 1951 quoque
850 1888 919 1932 non
948 1868 1054 1932 semel
1077 1868 1234 1932 auditum
1265 1875 1321 1932 est

373 1968 465 2051 quod
480 1967 614 2031 dicam:
640 1967 812 2032 Karolum
831 1968 1034 2033 Martellum
1055 1967 1201 2048 insignis
1221 1966 1322 2032 forti-

373 2067 503 2131 tudinis
522 2068 647 2144 virum,
670 2068 730 2149 qui
753 2068 955 2144 Saracenos,
971 2066 1107 2131 Gallias
1132 2068 1322 2149 ingressos,

375 2166 584 2249 Hispaniam
603 2167 713 2231 redire
737 2168 915 2250 compulit,
938 2168 1071 2231 exactis
1099 2167 1221 2231 diebus
1248 2168 1322 2230 suis

374 2266 410 2329 in
434 2267 579 2330 ecclesia
603 2267 716 2330 sancti
738 2267 900 2350 Dionysii
926 2268 1119 2349 sepultum3
1144 2267 1217 2342 sed,
1239 2267 1324 2348 quia

375 2367 584 2448 patrimonia
605 2368 756 2430 omnium
780 2388 869 2450 pene
895 2368 1181 2430 monasteriorum
1197 2365 1327 2430 Galliae

375 2485 439 2549 pro
464 2466 620 2530 mercede
648 2467 918 2532 commilitonum
946 2467 1179 2542 mutilaverat,
1204 2466 1326 2529 visibi-
1352 2531 1354 2535 ,

375 2566 489 2630 litera
506 2565 667 2648 malignis
689 2567 867 2648 spiritibus
890 2587 909 2630 e
931 2566 1113 2649 sepulchro
1130 2568 1326 2647 abreptum,

377 2666 535 2730 adhunc
560 2666 650 2728 diem
680 2684 851 2748 nusquam
877 2667 1001 2731 visum.
1053 2666 1214 2748 Denique
1237 2665 1326 2728 illud
1419 2690 1421 2692 ·

377 2765 567 2830 revelatum
582 2763 827 2830 Aurelianensi
849 2765 1023 2850 episcopo,
1046 2773 1082 2831 et
1102 2786 1164 2849 per
1188 2784 1267 2828 eum
1289 2766 1327 2828 in

374 2865 502 2946 ,vulgus
520 2866 736 2930 seminatum.

515 3057 562 3103 DE
585 3055 735 3104 ANNULO
758 3054 908 3102 STATUAE
931 3054 1191 3102 COMMENDATO.

219 3174 337 3264 gaspar
429 3162 538 3246 5205.
561 3162 693 3227 Verum
722 3170 763 3227 ut
787 3162 936 3226 Romam
958 3168 1123 3225 revertar.
1162 3159 1329 3244 Ejusdem

221 3237 344 3315 Petimus·
376 3264 477 3326 urbis
498 3262 598 3340 civia,
613 3257 798 3345 ²ephoebus
814 3269 930 3338 aetate,
947 3260 1101 3344 locuples
1117 3260 1251 3342 opibus,
1268 3280 1329 3341 ge-

383 3382 464 3426 nere
493 3363 668 3426 senatorio
696 3360 863 3438 sublimis
886 3355 1051 3424 ³uxorem
1077 3359 1214 3424 noviter
1240 3360 1329 3424 dux·

383 3469 478 3540 erat;
502 3462 677 3526 sodalibus
702 3463 774 3525 suis
794 3461 926 3539 accitis,
951 3461 1148 3525 convivium
1168 3459 1331 3541 frequens

383 3570 578 3642 paraverat.
631 3560 718 3626 Post
741 3562 867 3637 cibum,
896 3580 974 3624 cum
1002 3560 1244 3624 minutioribus
1267 3578 1330 3641 po·

383 3660 470 3723 culis
496 3661 704 3726 hilaritatem
731 3662 951 3738 invitassent,
980 3661 1017 3724 in
1044 3678 1202 3742 campum
1226 3658 1332 3740 prod-

383 3767 477 3838 eunt,
498 3768 538 3825 ut
563 3767 724 3825 oneratos
747 3760 895 3842 dapibus
924 3759 1121 3824 stomachos
1144 3759 1201 3823 vel
1225 3758 1333 3840 saltu,

418 3992 844 4056 ¹GregoriiDiatogom...iuquorto
905 3990 1069 4056 ’proebur.]
1095 3992 1206 4043 Glossod
1225 3993 1250 4040 in
1271 3991 1335 4044 Ar.

382 4065 466 4128 libra]
483 4065 564 4126 Many
575 4065 672 4114 similar
682 4064 789 4125 legenda
800 4079 843 4113 are
868 4063 1035 4112 ‘Lucianua’

373 4135 450 4183 tobe
462 4134 541 4183 found
559 4135 585 4182 in
604 4133 646 4183 the
659 4135 801 4196 Dialogues
818 4132 848 4181 of
904 4130 915 4162 ³
936 4133 1064 4196 Uxorem]
1087 4132 1196 4183 Glossed
1221 4132 1247 4181 in
1271 4131 1295 4181 A
1311 4137 1335 4185 1.

382 4204 507 4266 Gregory.
868 4202 1048 4264 ‘Eugenium'
