2858 4890
173 400 242 447 mu.
258 383 301 465 u]
398 400 512 449 ersrn
537 401 663 449 aucun
687 401 900 449 abacorum.
1061 388 1126 455 115

172 559 225 640 git
237 558 481 640 sapientiam.''
516 558 614 637 Ideo,
629 559 679 622 fili
697 560 886 637 carissime,
904 561 1125 626 ostendentes

173 659 354 722 consilium
387 658 536 742 justum,
567 667 803 724 contestamur
836 668 872 724 et
904 661 1125 725 obsecramus

173 778 235 841 per
259 759 433 823 viventem
458 760 585 837 Deum,
615 768 651 824 et
676 780 738 842 per
763 760 872 824 filium
896 761 973 845 ejus
1002 760 1026 826 J
1029 782 1125 825 esum

175 857 364 936 Christum,
376 867 411 923 et
420 878 482 941 per
498 859 666 942 Spiritum
684 860 863 938 Sanctum,
880 867 921 924 ut
935 863 1125 926 recorderis

174 978 279 1042 quam
295 958 446 1040 fugitiva
467 960 514 1023 sit
535 961 610 1024 vita
632 979 785 1042 praesens
807 967 843 1024 et
868 981 972 1044 quam
998 963 1125 1040 brevis,

173 1066 209 1122 et
235 1077 340 1142 quam
365 1067 607 1124 momentanea
633 1060 817 1124 delectatio
841 1081 976 1143 spurcae
999 1063 1125 1139 carnis,

173 1166 209 1223 et
236 1178 342 1240 quam
364 1159 632 1240 ignominiosum
655 1161 701 1224 sit
723 1167 763 1225 ut
784 1162 900 1225 brevis
921 1162 1005 1226 vitae
1022 1162 1125 1226 homo

173 1259 267 1323 mala
291 1260 453 1342 exempla
472 1260 509 1322 in
533 1266 740 1342 perpetuum
765 1262 914 1343 posteris
939 1262 1124 1345 relinquat.

174 1358 295 1440 Incipe
313 1379 395 1441 ergo
411 1359 610 1423 melioribus
624 1361 777 1424 moribus
786 1361 893 1425 vitam
908 1381 1125 1445 componere,

173 1467 209 1523 et
224 1461 419 1542 praeteritos
441 1480 574 1524 errores
591 1461 789 1544 juventutis
811 1462 995 1542 corrigere,
1013 1468 1053 1525 ut
1069 1461 1125 1525 hic

174 1579 291 1623 coram
321 1560 518 1624 hominibus
548 1561 686 1624 laudem
715 1560 856 1636 habeas,
886 1569 920 1625 et
945 1563 981 1625 in
1006 1561 1124 1626 futuro

174 1666 305 1723 aeterna
336 1661 448 1742 gloria
486 1661 651 1741 gaudeas.
721 1661 850 1725 Valere
887 1661 1125 1726 celsitudinem

173 1767 283 1837 tuam,
299 1762 385 1825 etin
402 1761 502 1824 bonis
520 1762 673 1825 moribus
689 1761 866 1844 proficere,
884 1760 1070 1843 optamus)

226 1860 315 1943 §82
349 1861 469 1945 Hujus
494 1860 651 1943 epistolae
676 1869 910 1944 competentes
934 1861 1124 1944 particulas
1137 1876 1238 1917 Bonum

174 1960 255 2024 huic
280 1961 398 2024 hhello
419 1980 482 2043 pro
504 1980 619 2024 rerum
636 1962 762 2026 notitia
778 1962 883 2038 insui,
899 1962 1027 2044 partim
1043 1981 1125 2025 auc·
1136 1929 1289 2028 ffilliilhm

174 2062 260 2124 toris
286 2062 413 2138 verbis,
436 2062 564 2143 partim
586 2063 684 2139 meis
710 2062 834 2143 longas
860 2063 1062 2138 sententias,
1085 2069 1126 2126 ut
1137 2029 1247 2069 curuare

174 2161 369 2239 videbatur,
392 2162 619 2227 abbrevians:
657 2161 757 2245 cujus
786 2161 870 2224 facti
897 2182 967 2225 non
995 2162 1125 2247 injuste

174 2262 311 2325 veniam
337 2262 505 2344 paciscar,
533 2263 617 2343 quia
641 2260 685 2323 ad
709 2260 863 2325 historiae
890 2262 1044 2326 ordinem
1060 2263 1126 2326 fes-

174 2362 366 2426 tinantibus
382 2360 567 2425 velocitate
589 2361 750 2425 dictionis
772 2362 1020 2426 consulendum
1037 2369 1124 2426 erat.

176 2461 287 2526 Porro
311 2463 406 2526 misit
431 2462 522 2525 idem
548 2461 749 2525 Bonifacius
769 2455 980 2526 ¹Cuthberto
994 2462 1127 2527 archie-

174 2562 318 2645 piscopo
334 2562 489 2646 ejusdem
506 2563 636 2625 tenoris
654 2562 848 2645 epistolam,
866 2563 931 2627 hoc
948 2564 1126 2647 adjiciens,

175 2669 215 2727 ut
244 2663 387 2727 clericos
421 2668 457 2726 et
499 2663 778 2726 sanctimoniales
816 2663 859 2726 de
891 2664 1062 2727 tenuitate
1091 2671 1127 2727 et

175 2783 303 2846 pompa
331 2763 481 2827 vestium
512 2770 685 2844 argueret.
739 2762 926 2839 Praeterea,
957 2783 1000 2825 ne
1022 2762 1127 2825 mira·

174 2870 271 2927 retur
297 2863 390 2946 quod
417 2862 567 2926 alienum
593 2864 771 2944 negotium
799 2870 929 2945 ageret,
958 2882 1037 2925 cum
1062 2881 1127 2925 sua

175 2964 261 3027 nihil
301 2964 484 3028 interesset
523 2963 696 3047 quomodo
735 2971 770 3027 et
809 2964 936 3045 quibus
974 2961 1127 3026 moribus

175 3062 371 3146 Anglorum
400 3083 485 3146 gens
515 3065 659 3141 viveret,
695 3065 800 3127 sciret
831 3082 868 3126 se
902 3082 923 3125 a
956 3061 1127 3142 Gregorio

174 3184 267 3247 papa
292 3165 396 3228 tertio
423 3172 640 3229 sacramento
664 3164 845 3227 astrictum
872 3182 915 3226 ne
943 3162 1127 3225 contermi-

175 3284 299 3331 narum
332 3265 489 3346 gentium
520 3282 632 3326 mores
660 3263 861 3346 apostolicae
888 3263 1023 3326 notitiae
1047 3262 1129 3325 sub-

175 3364 348 3443 traheret;
367 3370 589 3446 quapropter,
599 3363 735 3427 blandis
751 3362 1043 3427 admonitionibus
1058 3382 1128 3426 non

176 3465 451 3541 succedentibus,
486 3471 645 3527 acturum
680 3483 717 3526 se
744 3483 786 3526 ne
815 3462 1013 3547 hujusmodi
1042 3462 1130 3526 vitia

176 3585 303 3649 papam
335 3564 494 3628 laterent.
563 3561 654 3626 Sane
692 3563 734 3625 de
771 3564 941 3626 tenuitate
979 3563 1129 3626 vestium

176 3665 387 3730 clericalium
417 3657 615 3728 ²Alcwinus
648 3660 860 3726 Adelardum
900 3659 1130 3742 archiepiscoss

176 3786 271 3849 pum,
306 3783 540 3828 successorem
567 3762 761 3840 cuthberti,
792 3762 931 3844 oblique
965 3762 1128 3842 castigat,

211 4006 220 4039 ¹
235 4008 368 4058 cuthberto
378 4006 554 4070 archiepiscopo
573 4042 580 4057 .
594 4043 601 4056 .
614 4041 621 4057 .
635 4042 641 4057 .
667 4008 718 4056 vol.
730 4018 749 4055 1.
761 4020 787 4066 p.
797 4008 828 4053 90
839 4020 846 4064 3
858 4003 941 4053 andin
949 4003 1042 4066 Spelm.
1052 4002 1130 4053 Cone.

174 4078 321 4143 epistolum]
350 4078 403 4126 The
422 4078 495 4126 letter
513 4082 539 4126 to
563 4077 643 4126 Guth·
667 4076 717 4125 vol.
729 4089 748 4124 1.
763 4092 790 4137 p.
801 4079 859 4124 23⁷.

174 4152 239 4212 bert,
258 4148 408 4210 archbishop
428 4147 456 4196 oi
476 4148 643 4209 Canterbury,
702 4143 869 4207 Uberrima]
893 4146 940 4193 See
958 4142 1061 4192 Alcuin.
1080 4142 1132 4205 Op.

175 4223 198 4271 is
218 4220 319 4285 printed
337 4219 364 4268 in
374 4218 507 4268 Willrins’s
519 4217 643 4281 Concilio,
667 4220 726 4266 tom.
737 4229 755 4265 1.
764 4231 790 4277 p.
800 4220 842 4279 84,
849 4215 923 4277 epist.
933 4227 1007 4276 auur,
1015 4218 1073 4263 note
1082 4212 1132 4280 (b).

990 4312 1027 4357 12
