2858 4890
341 370 407 435 224
555 359 677 459 [unsri
704 383 831 431 aucun
856 382 1071 430 nuononuu.
1151 364 1238 446 [nin.
1255 381 1295 426 11.

342 547 417 606 tum
449 542 666 624 quorundam
698 541 896 604 mussitatio
939 540 1032 621 apud
1066 539 1219 602 animum
1258 539 1296 601 in

342 641 471 705 multas
514 661 616 705 curas
655 641 843 704 distentum
877 639 1001 715 valuit,
1037 645 1077 703 ut
1108 639 1295 721 ephoebum

343 743 448 805 etiam
464 741 618 805 externis
629 740 873 815 miserandum,
885 739 1015 802 oblitus
1026 739 1295 820 consanguineae

343 842 619 917 necessitudinis
639 840 830 922 expelleret
843 861 852 919 ;
874 839 1032 903 inaudito
1047 858 1131 903 sane
1147 839 1295 902 crudeli-

343 941 426 1006 tatis
443 942 558 1018 modo,
578 948 618 1003 ut
643 940 739 1004 solus
763 959 842 1002 cum
870 940 1042 1020 armigero
1067 958 1191 1002 navem
1214 959 1294 1002 con-

343 1041 507 1104 scendere
526 1041 719 1124 juberetur,
739 1033 885 1120 ¹remige
913 1047 949 1104 et
967 1039 1112 1120 remigio
1131 1058 1293 1116 vacuam,

343 1147 512 1223 praeterea
529 1133 908 1221 vetustate²quassam
949 1138 1022 1202 Diu
1034 1138 1208 1203 laboravit
1223 1138 1294 1202 for·

343 1248 430 1304 tuna
456 1248 495 1304 ut
521 1240 692 1303 insontem
714 1246 816 1302 terrae
849 1239 1059 1302 restitueret.
1113 1238 1180 1302 Sed
1213 1258 1294 1302 cum

343 1341 483 1404 tandem
508 1340 544 1402 in
570 1340 682 1402 medio
713 1339 801 1402 mari
832 1338 983 1401 furorem
1008 1345 1191 1401 ventorum
1214 1339 1295 1403 vela

343 1460 412 1503 non
433 1439 655 1516 sustinerent,
674 1438 743 1516 ille,
761 1432 820 1501 ³ut
838 1439 1041 1502 adolescens
1065 1438 1235 1502 delicatus
1259 1448 1295 1505 et

343 1541 425 1604 vitae
452 1541 488 1604 in
513 1540 642 1604 talibus
664 1545 846 1621 pertaesus,
873 1532 1093 1602 4voluntario
1116 1539 1151 1601 in
1182 1558 1294 1621 aquas

343 1641 536 1724 praecipitio
561 1647 706 1704 mortem
729 1639 911 1703 conscivit.
965 1637 1140 1720 Armiger,
1164 1641 1295 1703 saniori

344 1740 487 1805 consilio
507 1760 631 1822 passus
654 1740 803 1803 animam
822 1739 1025 1821 producere,
1040 1740 1143 1803 modo
1169 1746 1293 1804 adver-

343 1859 403 1904 sus
432 1840 559 1904 fluctus
591 1839 772 1917 eludendo,
806 1839 908 1903 modo
944 1839 1090 1922 pedibus
1125 1840 1294 1904 subremi-

344 1942 471 2022 gando,
489 1941 618 2005 domini
639 1959 764 2023 corpus
787 1940 830 2002 ad
853 1946 981 2003 terram
1001 1940 1126 2003 detulit
1143 1947 1294 2021 angusto

345 2042 478 2105 scilicet
502 2061 524 2104 a
547 2040 764 2105 Dorobernia
786 2040 822 2102 in
839 2039 997 2103 Witsant
1018 2040 1117 2103 mari.
1172 2039 1294 2103 Ethel-

345 2148 479 2218 stanuS,
513 2147 698 2224 postquam
731 2140 784 2202 ira
815 2139 997 2216 deferbuit,
1029 2140 1144 2203 animo
1172 2140 1295 2205 sedato

345 2240 476 2305 factum
510 2241 701 2317 exhorruit,
736 2241 962 2322 septennique
997 2241 1204 2322 poenitentia
1236 2260 1295 2304 ac-

346 2348 459 2424 cepta,
490 2343 526 2405 in
557 2341 745 2405 delatorem
777 2339 894 2404 fratris
928 2341 1081 2404 animose
1104 2341 1199 2403 ultus
1229 2349 1294 2404 est.

345 2441 431 2505 Erat
455 2442 514 2505 ille
539 2442 703 2524 pincerna
729 2441 832 2521 regiS,
850 2448 885 2503 et
908 2461 970 2523 per
994 2439 1059 2503 hoc
1085 2440 1128 2503 ad
1151 2460 1295 2523 persua·

344 2541 456 2605 denda
485 2563 563 2624 quae
594 2541 830 2622 excogitasset
862 2541 1113 2604 accommodus.
1168 2541 1295 2623 Itaque

344 2661 423 2704 cum
439 2643 527 2706 forte
544 2643 598 2706 die
617 2640 750 2704 solenni
766 2641 884 2705 vinum
902 2641 1115 2723 propinaret,
1129 2642 1165 2703 in
1179 2641 1294 2705 medio

343 2742 493 2806 triclinio
517 2763 587 2805 uno
614 2741 701 2824 pede
725 2740 857 2822 lapsus,
891 2741 1001 2805 altero
1034 2760 1071 2803 se
1094 2741 1294 2823 recollegit3

344 2848 439 2920 tunc,
454 2843 634 2906 occasione
647 2832 803 2923 accepta,
817 2840 924 2904 fatale
933 2841 998 2905 sibi
1009 2841 1153 2904 verbum
1168 2842 1296 2918 emisit,

344 2942 424 3006 ‘Sic
449 2943 557 3006 frater
588 2942 730 3005 fratrem
757 2940 926 3024 adjuvat.'
979 2940 1059 3019 Quo
1081 2962 1145 3004 rex
1175 2943 1295 3006 audito

344 3042 512 3124 perfidum
539 3041 738 3107 obtruncari
766 3042 943 3124 praecepit,
971 3042 1100 3123 saepius
1124 3043 1296 3106 auxilium

344 3144 512 3223 germani,
528 3145 557 3207 si
574 3144 719 3220 viveret,
741 3141 967 3225 increpitanS,
985 3149 1019 3206 et
1034 3150 1179 3206 mortem
1196 3144 1294 3224 inge-

346 3244 503 3306 miscens

395 3342 501 3425 §ltu
536 3343 625 3407 Haec
654 3346 696 3409 de
730 3345 848 3408 fratris
879 3363 973 3420 nece,
1001 3343 1067 3407 etsi
1093 3341 1296 3407 verisimilia

344 3436 534 3519 ⁵videntur,
561 3446 738 3508 eominus
767 3446 952 3508 corroboro
977 3443 1070 3525 quod
1101 3442 1295 3507 mirabilem

344 3562 417 3606 suae
445 3544 586 3626 pietatis
612 3544 827 3627 diligentiam
854 3545 889 3607 in
912 3544 1064 3626 reliquos
1091 3543 1216 3606 fratres
1240 3543 1295 3606 in-

378 3768 386 3800 ¹
400 3771 524 3833 armiga]
544 3771 574 3819 C.
586 3771 618 3819 E.
631 3769 680 3829 L.;
697 3769 751 3818 sine
769 3784 806 3817 re·
869 3764 1030 3814 ⁴Voloaturio
1042 3764 1067 3812 in
1075 3779 1150 3827 aquus
1158 3765 1298 3828 precipitio

342 3843 419 3905 mige,
430 3840 463 3891 Α,
477 3842 505 3890 S.
518 3842 552 3890 D.
833 3840 933 3884 mortem
952 3830 1103 3952 consciuit}x
1112 3836 1222 3884 Eadwin
1240 3851 1297 3918 was

376 3941 536 4007 aaut]
549 3943 807 4003 wil-nra·
832 3907 954 4024 llll
972 3909 1088 4024 llll
1107 3906 1235 4038 'duffii
1252 3907 1298 4026 ll·

342 4019 432 4076 ΒΜ
443 4014 477 4065 Α·
489 4015 518 4064 S·
832 4046 963 4094 command
975 4045 1004 4094 of
1011 4045 1171 4095 Aethelstdn.

377 4115 387 4145 ³
402 4112 460 4185 Ut]
482 4118 511 4166 0.
524 4116 559 4165 D.
579 4116 611 4165 E.
628 4116 683 4175 M.;
700 4114 804 4163 omitted
868 4113 1034 4179 ⁶Videntur.]
1053 4118 1082 4165 C.
1104 4117 1138 4165 D.
1160 4118 1208 4178 E.;
1225 4115 1297 4164 vide·

341 4190 367 4236 in
379 4188 411 4237 A.
424 4188 453 4238 S.
466 4189 497 4236 L.
831 4192 914 4248 antur,
925 4190 958 4236 A.
971 4187 1000 4236 S.
1013 4188 1044 4236 L.
