2858 4890
150 395 218 440 nm.
237 377 292 457 ru]
366 393 479 443 cusr‘n
504 397 630 444 nucuu
655 399 866 446 nucnonuu.
1034 387 1100 451 279

148 553 192 614 ab
211 551 360 615 obsessis
376 553 577 634 corporibus
592 555 818 637 expellerent,
832 559 991 639 apposito
1007 562 1097 624 nari-

150 654 213 714 bus
240 653 405 734 patientis
438 653 568 716 annulo
597 654 746 719 habente
775 656 927 737 sigillum
954 678 975 721 a
999 659 1098 724 Salo·

148 772 249 816 mone
275 759 517 829 monstratum,
542 755 656 831 credo,
684 757 837 838 inquam,
865 758 957 838 quod
982 767 1016 824 et
1040 763 1098 824 isti

150 853 239 916 hanc
253 853 433 916 scientiam
449 852 531 916 dare
553 857 717 936 potuerit,
740 877 802 921 nec
826 865 943 922 tamen
967 859 1098 924 affirmo

149 952 241 1036 quod
256 952 396 1016 dederit.

222 1146 396 1207 ououono
419 1146 562 1205 Qurnnu
589 1146 803 1195 runsxunos
826 1113 1018 1196 ocrovrxur

488 1246 743 1306 Qumsrnauur.

198 1355 216 1438 ξ
232 1356 307 1419 170.
334 1354 402 1418 Sed
417 1355 491 1418 haec
505 1354 646 1418 lecturis
657 1356 865 1437 relinquens,
879 1355 991 1420 dicam
1003 1358 1096 1439 quod
1110 1381 1221 1432 areana.

147 1476 169 1520 a
183 1456 332 1539 quodam
346 1456 414 1519 loci
426 1455 535 1519 nostri
545 1456 725 1532 monacho,
736 1475 862 1536 genere
873 1453 1096 1538 Aquitanico,

147 1562 251 1620 aetate
267 1564 443 1638 provecto,
462 1561 536 1619 arte
559 1555 703 1633 medico,
726 1557 763 1619 in
787 1556 937 1638 pueritia
958 1558 1096 1622 audisse

148 1677 202 1720 me
217 1657 368 1721 memini.
420 1662 430 1691 ‘
447 1656 547 1736 Ego,'
562 1655 689 1732 aiebat,
705 1661 715 1690 ‘
731 1657 919 1739 septennis,
934 1658 1096 1740 despecta

146 1757 302 1822 exilitate
316 1757 427 1840 patris
443 1757 523 1834 mei,
540 1756 722 1838 municipis
745 1756 1011 1822 Barcinonensis
1034 1758 1095 1822 ad-

146 1857 284 1921 modum
314 1857 440 1935 tenuis,
469 1857 715 1922 transcendens
752 1857 850 1922 nives
878 1856 1036 1941 Alpinas,
1059 1860 1096 1922 in

148 1957 288 2023 Italiam
304 1958 394 2023 veni.
447 1958 514 2035 Ibi,
532 1964 572 2021 ut
587 1958 622 2021 id
638 1957 753 2021 aetatis
769 1959 881 2040 pusio,
894 1976 1028 2021 summa
1041 1959 1095 2024 in·

147 2059 227 2141 opia
257 2059 386 2123 victum
413 2058 615 2141 quaeritans,
643 2058 820 2139 ingenium
848 2059 963 2140 potius
991 2076 1095 2141 quam

147 2166 301 2223 ventrem
317 2159 417 2224 colui.
457 2151 620 2222 ¹Adultus
638 2159 749 2222 multa
763 2158 856 2222 illius
873 2164 975 2222 terrac
991 2160 1094 2223 mira-

147 2259 225 2323 cula
247 2260 356 2323 oculis
381 2253 510 2336 ²hausi,
533 2265 570 2322 et
593 2260 766 2322 memoriae
794 2258 976 2322 mandavi:
1004 2260 1095 2323 intor

147 2379 225 2442 quac
243 2361 315 2425 vidi
335 2368 486 2424 montem
501 2359 724 2441 perforatum,
740 2359 832 2423 ultra
847 2378 948 2441 quem
966 2360 1093 2423 accolae

146 2463 190 2524 ab
216 2461 359 2542 antiquo
383 2460 603 2525 aestimabant
627 2458 807 2523 thesauros
832 2458 1017 2524 Octoviani
1039 2481 1093 2524 re-

146 2561 314 2625 conditos
368 2561 583 2624 Ferebantur
604 2560 708 2623 etiam
733 2559 834 2624 multi
866 2579 973 2623 causa
997 2579 1093 2624 scru-

142 2661 238 2726 tandi
263 2661 412 2744 ingressi
436 2681 498 2743 per
515 2659 704 2737 anfractus,
733 2666 768 2724 et
795 2666 944 2723 semetra
958 2660 1092 2724 viarum

145 2762 327 2844 intercepti
351 2761 493 2844 perisse.
545 2759 625 2838 Sed,
652 2760 733 2842 quia
754 2760 869 2823 nullus
895 2760 966 2823 fere
989 2760 1093 2824 timor

144 2862 264 2926 avidas
280 2869 412 2926 mentes
431 2863 475 2925 ab
497 2862 651 2943 incoepto
672 2868 824 2938 revocat,
847 2880 912 2942 ego
937 2880 1014 2923 cum
1035 2880 1092 2924 so-

143 2962 277 3026 dalibus
288 2963 386 3039 meis,
397 2962 481 3026 viris
495 2962 630 3025 circiter
641 2960 832 3038 duodecim,
842 2979 903 3023 seu
914 2960 1093 3042 praedandi

143 3082 206 3126 seu
221 3062 360 3126 videndi
384 3062 512 3140 studio,
536 3060 622 3124 illud
644 3061 710 3125 iter
732 3061 923 3125 meditabar
935 3061 1090 3143 aggredi.

145 3163 270 3245 ltaque
294 3163 432 3227 Daedali
448 3162 558 3226 secuti
579 3162 767 3244 ingenium,
787 3162 847 3244 qui
863 3160 1035 3224 Theseum
1049 3162 1091 3224 de

35 3279 41 3291 ’
143 3263 340 3349 labyrintho
356 3263 414 3327 filo
430 3263 552 3327 eduxit
562 3263 705 3345 praevio,
721 3281 784 3326 nos
804 3280 940 3344 quoque
954 3261 1090 3341 glomus

142 3364 265 3445 ingens
287 3370 466 3447 portantes
498 3362 667 3446 paxillum
693 3363 728 3425 in
752 3361 896 3425 introitu
927 3360 1089 3426 fiximus:

142 3465 190 3528 ihi
203 3466 372 3548 principio
388 3464 437 3527 fili
450 3465 571 3545 ligato,
585 3462 738 3527 accensis
752 3462 894 3526 laternis
908 3481 951 3524 ne
965 3474 1093 3543 praeter

142 3566 243 3630 devia
259 3567 363 3630 etiam
381 3565 537 3628 caecitate
559 3562 812 3647 impediremur,
836 3563 1000 3626 devoluto
1015 3562 1091 3643 glo-

144 3687 247 3742 mere,
282 3673 317 3729 et
341 3685 403 3748 per
426 3664 694 3747 unumquodque
730 3663 925 3726 milliarium
958 3662 1091 3744 paxillo

144 3767 316 3848 apposito,
347 3767 411 3829 sub
442 3784 592 3829 caverna
621 3760 749 3828 montis
785 3763 1091 3845 quomodocunque

142 3866 207 3930 iter
227 3872 383 3930 nostrum
409 3865 609 3930 direximus.
663 3865 765 3930 Caeca
788 3870 888 3926 erant
913 3863 1039 3939 omnia,
1056 3871 1091 3926 et

181 4137 332 4210 ¹Adultus.]
349 4142 383 4193 A.
403 4145 434 4192 G.
452 4144 487 4193 D.
505 4143 538 4192 E.
556 4141 605 4202 L.;
666 4136 792 4202 ηΙΙαυ.ςι“.]
811 4139 839 4189 S.
854 4139 884 4187 C.
897 4138 932 4188 D.
945 4139 977 4187 E.
996 4138 1045 4199 L.;
1061 4137 1093 4186 li-

144 4214 248 4263 adultus
259 4218 353 4277 autem,
364 4214 393 4263 S.
477 4271 480 4276 ι
631 4210 698 4272 bavi,
709 4209 741 4259 A.
