2858 4890
126 392 267 474 n1n.11.]
351 409 463 457 cnsrn
488 408 614 457 nncuu
639 408 853 458 nncnonuu.
1013 393 1078 458 301

129 569 220 645 bem,
237 587 306 651 qua
331 565 436 631 fluvio
453 566 617 630 Tamensi
639 586 708 630 non
736 566 897 644 alluitur,
912 567 996 631 soris
1025 576 1079 632 to·

131 675 201 732 tam
225 669 393 744 cinxerat,
415 668 594 750 multaque
611 667 755 732 vulnera
776 667 906 732 fecerat
928 675 964 731 et
980 687 1079 732 acce·

129 775 241 850 perat.
294 767 432 850 Itaque,
447 767 566 830 audito
580 768 670 849 regis
686 767 850 844 adventu,
869 761 1004 848 ¹sugam
1017 787 1080 850 per

130 886 241 954 prona
270 866 462 932 invadunt:
493 868 698 948 subsecutus
723 887 782 932 eos
811 886 830 930 e
860 868 1021 948 vestigio,
1044 874 1080 932 et

130 968 277 1032 transito
300 967 390 1032 vado
409 967 502 1049 quod
525 966 710 1030 Brentford
733 967 869 1045 dicitur,
892 967 1080 1032 victoriosa

131 1075 248 1150 strage
277 1067 414 1132 delevit.
484 1065 635 1149 Reliqua
663 1067 860 1145 multitudo,
892 1087 970 1151 quae
1001 1087 1079 1131 cum

132 1167 291 1232 Cnutone
316 1173 540 1244 remanserat,
557 1166 739 1230 Edmundo
761 1167 1012 1249 aliquantulum
1029 1167 1079 1231 fe-

130 1269 220 1331 riato
237 1275 272 1331 et
284 1274 402 1349 partes
425 1286 507 1330 suas
524 1274 762 1348 componente,
778 1267 994 1331 Londoniam
1015 1268 1080 1331 ite·

131 1388 207 1430 rum
229 1374 323 1431 terra
336 1367 543 1449 flumineque
566 1367 724 1446 obsidet3
748 1367 808 1429 sed
831 1369 874 1429 ab
897 1367 1079 1450 oppidanis

130 1468 396 1549 magnanimiter
412 1467 646 1550 pugnantibus
668 1467 818 1549 repulsa,
842 1467 928 1530 iram
950 1467 987 1529 in
1008 1468 1080 1531 col-

130 1567 342 1631 limitaneam
366 1567 533 1631 Mcrciam
560 1565 716 1643 effundit,
731 1567 825 1630 vicos
850 1573 886 1630 et
899 1567 1000 1631 villas
1023 1586 1079 1630 ra·

131 1668 234 1750 pinis,
257 1667 437 1744 incendiiS,
452 1666 671 1749 caedibusque
686 1666 910 1749 depopulans.
955 1666 1082 1749 Opima

131 1767 251 1850 praeda
273 1767 317 1830 ad
343 1785 449 1830 naves
477 1772 643 1830 convecta
665 1785 752 1848 quas
779 1767 815 1829 in
839 1785 939 1829 amne
960 1766 1081 1830 Mede·

133 1867 237 1950 guaia
259 1874 552 1949 congregaverat:
582 1865 708 1930 fluvius
735 1866 794 1928 ille
817 1865 1004 1930 Rofensem
1021 1886 1079 1929 ur-

133 1969 210 2033 bem
241 1967 492 2050 praeterfluens
525 1965 697 2030 violentus
726 1973 761 2029 et
791 1966 910 2049 rapaci
941 1967 1080 2048 gurgite

134 2069 264 2145 minax,
281 2066 410 2131 moenia
424 2065 568 2149 pulchra
584 2065 692 2129 lavat.
745 2064 832 2129 Inde
846 2086 983 2149 quoque
998 2085 1079 2147 rege

134 2175 311 2252 pugnante
348 2166 482 2248 fugata,
512 2172 822 2249 praeoccupatoque
856 2165 945 2231 vado
987 2166 1079 2248 quod

133 2267 290 2350 superius
315 2266 492 2331 nominavi
513 2265 710 2343 Brentford,
731 2265 861 2347 insigni
884 2265 978 2330 caede
1000 2286 1080 2349 pro-

133 2368 265 2450 fligata.
319 2365 511 2431 Conantem
532 2365 678 2430 ulterius
693 2366 834 2430 tendere
849 2366 1080 2444 Edmundum,

133 2476 172 2533 ut
203 2466 366 2549 reliquias
389 2467 590 2549 praedonum
618 2473 882 2550 persequeretur
904 2466 949 2529 ad
973 2466 1080 2530 inter-

135 2568 324 2644 necionem,
347 2567 443 2631 vaser
467 2567 526 2630 ille
550 2573 585 2630 et
608 2567 779 2648 pessimus
804 2565 950 2630 Edricus
981 2586 1081 2630 revo-

135 2670 239 2744 cavit,
254 2667 335 2731 ficto
344 2666 548 2751 jamdudum
558 2666 672 2729 animo
686 2666 722 2728 in
740 2664 889 2747 gratiam
900 2685 1059 2730 reversus
1066 2687 1079 2747 *3

136 2768 280 2832 consilio
309 2768 400 2830 enim
427 2766 596 2831 Cnutonis
623 2785 701 2829 cum
723 2765 906 2829 Edmundo
932 2773 1019 2843 erat,
1042 2773 1082 2830 ut

135 2868 210 2952 ejus
225 2867 466 2932 meditationes
492 2865 719 2929 renunciaret.
765 2865 919 2929 Ultimus
933 2866 992 2929 ille
1008 2865 1081 2930 dies

136 2969 248 3032 Danis
271 2966 426 3050 profecto
441 2967 564 3030 fuisset
580 2967 610 3029 si
624 2965 914 3048 perseverandum
931 2985 994 3029 rex
1016 2986 1082 3048 pu·
1137 2960 1140 2965 ’

135 3076 266 3148 tasset3
293 3067 353 3132 sed
376 3074 575 3149 praeventus
599 3065 656 3152 (ut
679 3063 769 3150 dixi)
795 3084 936 3130 susurro
965 3066 1081 3148 prodi-

136 3169 234 3245 toris,
258 3168 318 3250 qui
344 3167 462 3231 hostes
486 3166 571 3230 nihil
596 3167 689 3230 ultra
712 3183 858 3229 ausuros
885 3164 1083 3243 affirmaret,

134 3276 308 3333 maturum
338 3267 403 3332 sibi
434 3267 579 3331 exitium
611 3273 646 3330 et
670 3265 809 3347 Angliae
837 3266 904 3330 toti
934 3266 1083 3348 paravit.

137 3369 298 3452 Namque
323 3366 386 3445 illi,
409 3367 493 3432 data
507 3367 565 3431 via
581 3366 747 3446 fugiendi,
770 3365 894 3430 iterum
916 3366 953 3429 in
977 3385 1084 3429 unum

136 3470 304 3546 coaluere,
321 3467 517 3532 Orientales
533 3466 669 3548 Anglos
680 3467 770 3530 bello
786 3465 1012 3546 infestantes3
1030 3467 1083 3550 ip-

136 3589 213 3633 sum
240 3588 377 3653 quoque
409 3587 537 3650 regem,
560 3567 738 3650 suppetias
775 3565 953 3647 serentem,
990 3567 1083 3649 apud
1096 3591 1200 3633 reaten

135 3669 381 3734 Assandunam
399 3667 518 3732 cedere
534 3675 732 3750 coegerunt.
772 3666 977 3750 Auspicium
989 3667 1083 3749 fugae
1096 3644 1211 3684 ¹³⁸¹¹⁶⁰'⁰'

135 3770 201 3834 fuit
230 3770 289 3835 ille
319 3788 364 3833 ex
403 3769 574 3846 consulto,
603 3787 705 3851 quem
743 3767 871 3831 totiens
905 3768 1084 3832 nominare

135 3870 254 3953 pudet.
306 3869 416 3932 Pauci
431 3869 491 3951 qui
504 3869 624 3950 gloriae
638 3887 711 3931 suae
726 3886 796 3930 non
811 3867 1038 3944 immemores
1049 3874 1085 3931 et

136 3970 322 4034 alterutros
346 3969 552 4045 excitantes,
570 3987 714 4032 cuneum
731 3966 896 4044 fecerant,
911 3967 956 4031 ad
978 3986 1084 4030 unum

314 4210 323 4244 ¹
337 4212 456 4276 Fugam]
474 4211 507 4264 A.
523 4214 552 4264 C.
564 4213 599 4263 D.
612 4214 644 4262 E.
656 4213 703 4274 L.;
721 4211 824 4261 omitted
835 4211 861 4259 in
873 4210 902 4261 S.
