2858 4890
192 405 262 452 nm.
276 386 333 468 11.]
418 403 531 451 cnsra
555 402 683 450 nucum
708 401 922 450 lucrorum
1081 387 1146 451 171

197 559 284 622 tium
311 559 568 623 crudelissimas
592 559 868 642 depraedationes
887 560 1052 639 hostium,
1065 561 1145 624 bar-

195 660 357 723 bararum
374 679 657 743 paganarumque
674 661 829 741 gentium
848 661 1056 744 multiplices
1081 663 1144 725 tri·

196 760 404 837 bulationeS,
427 760 471 823 ad
496 759 717 842 affligendum
749 779 859 843 usque
888 762 932 825 ad
960 763 1146 825 interneci⁴

199 879 311 937 onem,
344 867 502 943 tempora
524 862 694 923 cernimus
721 861 917 925 incumbere
939 862 1144 944 periculosa.

199 958 433 1037 Quamobrem
453 980 518 1042 ego
536 959 765 1025 Ethelwulsus
787 981 850 1025 rex
868 961 1145 1026 Occidentalium

199 1059 389 1137 Saxonum,
418 1060 663 1125 cumconsilio
689 1062 929 1144 episcoporum
952 1081 993 1125 ac
1016 1063 1145 1145 princi-

198 1180 280 1243 pum
304 1180 470 1237 meorum,
496 1161 678 1225 consilium
699 1161 838 1224 salubre
851 1169 956 1245 atque
976 1162 1147 1226 uniforme

199 1261 386 1323 remedium
411 1259 579 1324 affirmavi
610 1268 650 1324 ut
677 1261 830 1344 aliquam
860 1261 1054 1343 portionem
1075 1269 1146 1327 ter-

197 1379 314 1423 rarum
327 1360 583 1425 haereditariam
598 1367 680 1424 ante
691 1380 713 1423 a
724 1360 980 1443 possidentibus
989 1361 1147 1425 omnibus

200 1460 376 1542 gradibus
404 1461 478 1524 sive
510 1460 648 1524 famulis
681 1467 716 1524 et
747 1460 943 1523 famulabus
970 1460 1039 1525 Dei
1069 1461 1147 1524 Deo

200 1561 442 1637 servientibus,
460 1560 534 1624 sive
560 1554 689 1639 ¹laicis,
708 1579 844 1642 semper
867 1560 1034 1623 decimam
1048 1580 1148 1624 man·

202 1661 334 1725 sionem
351 1660 410 1723 ubi
427 1662 606 1723 minimum
618 1661 676 1736 sit,
692 1667 809 1724 tamen
819 1668 953 1743 partem
968 1659 1147 1738 decimam,

200 1761 237 1823 in
253 1761 450 1824 libertatem
470 1767 673 1844 perpetuam
689 1760 873 1843 perdonari
891 1760 1092 1844 dijudicavi,
1108 1768 1148 1824 ut

201 1861 248 1924 sit
260 1855 338 1924 tuta
353 1868 458 1943 atque
475 1862 609 1924 munita
623 1862 667 1924 ab
683 1861 841 1925 omnibus
851 1862 1063 1925 secularibus
1075 1850 1148 1925 ser·

200 1961 382 2038 vitutibus,
414 1980 548 2025 necnon
571 1961 748 2043 regalibus
778 1962 931 2038 tributis,
956 1962 1147 2045 majoribus

201 2068 237 2124 et
260 2061 462 2138 minoribus
484 2061 558 2126 sive
583 2062 835 2138 taxationibus
859 2063 951 2144 quod
975 2081 1038 2126 nos
1063 2062 1148 2127 dioi-

201 2180 278 2223 mus
303 2160 526 2241 Witereden3
553 2162 667 2244 sitque
699 2161 808 2224 libera
838 2164 990 2227 omnium
1022 2183 1148 2239 rerum,

201 2281 264 2344 pro
285 2259 486 2325 remissione
511 2263 703 2325 animarum
720 2268 756 2325 et
769 2268 989 2343 peccatorum
1012 2269 1149 2327 nostro-

201 2381 289 2438 rum,
304 2362 382 2425 Deo
397 2362 463 2425 soli
480 2362 523 2425 ad
545 2361 776 2438 serviendum,
791 2362 865 2425 sine
880 2362 1099 2444 expeditione
1114 2370 1149 2427 et

201 2463 317 2543 pontis
339 2461 568 2526 instructione
595 2468 630 2525 et
650 2462 740 2525 arcis
762 2463 966 2538 munitIone‚
982 2468 1021 2524 ut
1038 2481 1080 2525 eo
1096 2462 1149 2526 di·

200 2560 364 2642 ligentius
378 2581 442 2644 pro
460 2562 560 2626 nobis
577 2562 621 2624 ad
632 2554 834 2626 ²Dominum
852 2581 971 2644 preces
988 2561 1063 2625 sine
1075 2581 1149 2626 oes-

202 2662 337 2725 satione
358 2661 519 2739 fundant,
532 2681 601 2744 quo
617 2682 735 2726 eorum
753 2663 952 2726 servitutem
975 2662 1011 2724 in
1033 2662 1152 2744 aliquo

201 2768 301 2844 parte
327 2761 545 2843 levigamus?
597 2761 738 2826 Placuit
767 2769 883 2826 autem
914 2770 997 2825 tunc
1029 2769 1152 2844 posteo

204 2863 376 2944 episcopis
407 2859 555 2926 Alstano
594 2862 874 2926 Scireburnensis
910 2861 1076 2939 ecclesiae,
1115 2869 1152 2925 et

206 2961 386 3026 Swithuno
418 2962 752 3027 wintancestrensis
776 2963 943 3039 ecclesiae,
975 2982 1052 3026 cum
1078 2962 1152 3025 suis

206 3064 389 3127 abbatibus
404 3070 440 3126 et
453 3064 564 3127 servis
584 3063 654 3126 Dei
668 3063 848 3126 consilium
863 3062 962 3138 inire,
977 3070 1016 3127 ut
1033 3082 1152 3127 omnes

204 3163 328 3227 fratres
354 3169 389 3227 et
410 3182 546 3228 sorores
572 3170 700 3227 nostrae
728 3162 772 3226 ad
798 3181 1074 3246 unamquamque
1097 3182 1153 3227 ec·
1237 3171 1240 3176 '

206 3264 346 3327 clesiam
373 3264 466 3327 omni
484 3263 712 3340 hebdomada,
726 3261 893 3326 Mercurii
918 3262 986 3340 die,
1001 3262 1066 3328 hoc
1088 3271 1153 3340 est,

206 3363 441 3445 Wodnesdeg,
462 3363 574 3427 omnis
598 3364 821 3446 congregatio
843 3370 961 3426 cantet
983 3364 1154 3446 quinqua-

207 3463 305 3544 ginta
327 3463 492 3545 psalmos,
521 3471 557 3527 et
587 3464 825 3545 unusquisque
856 3465 1038 3547 presbyter
1069 3462 1155 3527 duas

208 3565 345 3640 missaS,
374 3583 479 3627 uuam
517 3583 580 3646 pro
610 3583 691 3645 rege
729 3563 951 3640 Ethelwulfo,
986 3570 1021 3626 et
1050 3562 1155 3626 aliam

207 3684 270 3746 pro
292 3662 437 3727 ducibus
458 3663 535 3747 ejus
560 3663 639 3727 huic
656 3664 747 3727 dono
764 3663 1069 3740 consentientibus
1092 3683 1157 3746 pro

208 3764 363 3827 mercede
393 3771 429 3828 et
459 3763 638 3845 refrigerio
669 3763 871 3826 delictorum
899 3782 1059 3826 suorum:
1093 3782 1157 3845 pro

209 3885 291 3946 rege
310 3864 460 3941 vivente,
477 3869 486 3897 ‘
503 3865 601 3928 Deus
617 3865 677 3947 qui
692 3863 867 3947 justificas
880 3862 901 3942 3'
923 3883 987 3945 pro
1013 3862 1158 3926 ducibus

209 3966 438 4041 viventibus,‘
451 3963 636 4028 Praetende
646 3963 824 4043 Domine3'
841 3969 1027 4046 postquam
1041 3969 1158 4026 autem

246 4164 374 4239 ¹Laicis.]
398 4171 502 4219 ‘Laicis
521 4169 630 4218 miseris·
646 4169 672 4216 in
731 4162 907 4229 wammam]
925 4166 973 4225 E.;
990 4165 1085 4227 Deum,
1096 4163 1161 4215 AS.

209 4241 331 4304 Ingnlph.
544 4310 547 4317 Ι
700 4237 729 4285 C.
742 4237 776 4286 D.
789 4237 819 4286 12.
