2858 4890
346 397 413 463 318
569 413 684 463 cusra
707 410 835 462 aranu
854 411 1070 462 auctonuu.
1155 392 1243 480 [nin.
1260 410 1305 460 11.

348 592 417 656 que
443 591 570 655 parens
597 579 766 656 uterque:
801 579 901 654 pater
923 570 1193 654 primogenitum
1224 590 1300 634 am·

348 672 576 756 plectebatur,
606 672 772 736 dictitans
803 691 1065 751 successurum
1102 678 1214 735 mater
1235 671 1302 734 mi-

349 792 467 836 norem
493 772 645 849 sovebat,
671 773 739 850 cui,
762 780 798 836 et
821 773 853 836 si
877 793 945 837 non
973 792 1036 855 per
1063 779 1216 849 aetatem,
1240 791 1305 854 per

348 874 568 955 prudentiam
601 880 694 937 certe
732 893 879 955 regnum
912 873 1106 936 deberetur.
1160 871 1231 950 Ita,
1262 879 1305 936 ut

349 980 430 1037 sunt
457 974 608 1038 soeminae
638 974 675 1037 in
700 973 839 1056 incepto
870 973 1077 1056 pertinaces,
1107 992 1178 1036 non
1204 973 1306 1055 prius

350 1074 487 1138 abstitit
514 1093 619 1157 quam
645 1093 763 1137 omnes
790 1073 907 1150 duces,
932 1072 993 1156 qui
1016 1092 1125 1155 regno
1148 1073 1305 1137 Franco.

350 1194 426 1237 rum
442 1174 665 1251 famulantur,
686 1175 837 1257 praemiis
860 1180 895 1238 et
916 1173 1080 1256 pollicitis
1102 1173 1305 1255 ingentibus

349 1274 387 1337 in
401 1293 465 1337 sua
482 1282 566 1339 vota
580 1274 830 1338 transduceret.
883 1273 1059 1338 Henricus
1073 1293 1170 1356 ergo,
1185 1267 1304 1337 ¹max-

350 1374 418 1437 ime
438 1375 615 1438 annitente
633 1374 789 1438 Roberto
805 1373 1022 1451 Normanno,
1040 1381 1228 1438 coronatus
1251 1381 1306 1439 est

350 1473 552 1557 priusquam
570 1474 673 1557 plane
690 1482 790 1558 pater
803 1468 1028 1558 ²expirasset.
1074 1472 1185 1558 Cujus
1198 1475 1307 1539 bene·

351 1573 420 1638 ficii
437 1575 622 1653 obnoxius,
635 1594 713 1639 cum
726 1575 797 1652 ille,
811 1568 869 1639 ³ut
885 1575 1043 1657 superius
1061 1574 1148 1652 dixi,
1163 1574 1306 1640 leroso-

350 1673 480 1756 lymam
510 1675 588 1753 iret,
618 1675 833 1740 Willelmum
859 1675 969 1738 filium
1003 1673 1080 1758 ejus
1119 1677 1304 1757 puerulum

351 1781 473 1838 contra
501 1775 693 1839 desertores
720 1776 919 1840 enixissime
942 1775 1048 1859 juvit.
1099 1772 1151 1839 At
1173 1775 1303 1854 Canto,

352 1881 552 1939 transcursa
566 1876 649 1940 vitae
673 1882 777 1953 meta,
794 1875 1014 1960 scepthoniae
1029 1868 1246 1955 *defunctua
1268 1883 1305 1940 et

351 1974 542 2041 Wintoniae
557 1977 715 2061 sepultus
729 1983 795 2041 est.

534 2170 582 2217 DE
604 2170 777 2218 HAROLDO
800 2170 896 2218 FILIO
919 2168 1113 2219 GNUTONIS.

402 2277 504 2362 5188.
515 2271 632 2342 ⁶Anno
646 2279 839 2343 Dominicae
853 2278 1103 2343 incarnationis
1119 2278 1306 2342 millesimo

351 2378 525 2444 tricesimo
555 2385 658 2443 sexto
688 2372 899 2457 6Haroldus,
931 2399 1034 2462 quern
1070 2379 1163 2443 sama
1191 2379 1302 2442 filium

353 2477 524 2543 Cnutonis
555 2498 601 2542 ex
634 2479 707 2543 filia
738 2477 876 2543 Elselmi
913 2479 1049 2542 comitis
1082 2479 1302 2563 loquebatur,

351 2579 513 2660 regnavit
551 2579 651 2642 annis
689 2586 840 2663 quatuor
869 2587 905 2643 et
934 2580 1109 2643 mensibus
1145 2580 1302 2644 totidem.

354 2678 545 2761 Elegerunt
566 2699 644 2743 eum
661 2680 755 2743 Dani
772 2687 809 2744 et
826 2679 1016 2744 Londoniae
1033 2681 1137 2757 cives,
1153 2680 1213 2763 qui
1226 2678 1304 2764 jam

353 2799 442 2862 pene
466 2780 502 2843 in
523 2781 749 2844 barbarorum
781 2799 894 2844 mores
923 2786 1066 2863 propter
1088 2779 1304 2862 frequentem

353 2881 550 2944 convictum
573 2881 792 2944 transierant.
844 2877 954 2961 Angli
981 2880 1042 2943 diu
1070 2879 1304 2960 obstiterunt3

353 2981 466 3062 magis
492 3000 600 3044 unum
622 3000 668 3044 ex
682 2980 763 3043 filiis
779 2979 969 3056 Ethelredi,
993 2980 1054 3062 qui
1074 2980 1111 3043 in
1129 2978 1304 3044 Norman-

390 3234 526 3286 ¹Maxime
536 3238 681 3304 annitente]
698 3239 773 3290 AC.
781 3240 815 3290 D.
840 3238 883 3287 the
907 3238 1026 3288 southern
1048 3238 1166 3288 division.
1205 3239 1238 3288 In
1261 3239 1305 3289 the

354 3308 387 3358 E.
400 3308 449 3367 1..;
467 3309 577 3357 maxime
588 3315 724 3372 annuente,
736 3311 765 3359 S.
841 3323 903 3370 year
917 3312 981 3357 1037
993 3309 1092 3359 Harold
1102 3323 1158 3357 was
1174 3308 1267 3358 chosen
1279 3314 1306 3358 to

390 3374 582 3442 ²Expiruaset.]
595 3380 817 3442 E1.;expiraret,
841 3380 914 3441 reign
936 3393 996 3427 over
1017 3381 1053 3430 all
1075 3378 1202 3441 England.
1224 3377 1306 3447 (llor.

354 3445 390 3496 Δ.
405 3448 435 3495 C.
448 3447 483 3496 D.
494 3448 550 3497 132.
562 3450 593 3498 L.
842 3445 969 3512 Wigorn.)

390 3513 401 3545 ³
416 3517 452 3564 Ut
469 3518 580 3580 superius
598 3518 676 3582 dica]
696 3517 816 3584 §178,p.
876 3515 1035 3580 6Ηιινοῑιίιω,
1052 3533 1121 3581 qum
1136 3518 1207 3579 saura
1219 3519 1306 3584 filiam

353 3589 412 3648 294,
424 3587 498 3648 and§
511 3591 567 3648 180,
579 3604 604 3649 p.
618 3593 676 3639 304.
844 3588 964 3637 cnutonis
981 3603 1013 3636 ex
1025 3587 1086 3652 filio
1096 3589 1197 3649 Elfelmi
1208 3590 1306 3639 comitis

389 3653 568 3726 ⁴Desuactraa]
581 3659 649 3708 Cnut
659 3659 720 3708 died
731 3673 762 3707 on
774 3658 816 3706 the
842 3658 1003 3722 loquebatur]
1021 3659 1111 3709 ‘Some
1132 3675 1189 3709 men
1206 3661 1262 3709 said
1279 3661 1309 3710 ol

356 3727 415 3776 rath
427 3727 571 3778 November
581 3729 608 3777 in
619 3729 661 3778 the
673 3732 817 3790 yearloafi.
843 3729 952 3792 Harold,
970 3729 1025 3777 that
1041 3728 1073 3777 he
1083 3744 1139 3780 was
1155 3729 1199 3778 the
1217 3744 1262 3779 son
1279 3731 1310 3780 of

354 3796 428 3866 (Sex.
441 3797 535 3849 Chron.
547 3801 598 3848 aad
612 3799 680 3849 Flor.
691 3794 817 3861 Wigorn.)
843 3799 911 3848 Cnut
929 3799 984 3851 ,and
1003 3798 1099 3861 Elfgise
1117 3800 1160 3849 the
1179 3800 1307 3863 daughter

389 3865 400 3897 ⁶
411 3867 483 3916 Anno
495 3869 631 3919 Dominicoe
643 3868 819 3918 incarnationis
842 3869 871 3917 ol
878 3869 981 3931 Elfelm,
991 3869 1136 3918 ealdorman
1145 3886 1153 3930 3
1163 3871 1210 3918 bnt
1219 3871 1241 3919 it
1250 3886 1307 3921 was

354 3937 481 3987 millesimo
496 3940 618 3989 tricesimo
633 3933 726 4006 sexta]
744 3938 819 3987 Alter
842 3940 950 4002 thought
960 3955 1022 4002 very
1032 3940 1171 3989 incredible
1185 3940 1221 4001 by
1230 3955 1308 4004 many

354 4008 397 4056 the
415 4008 492 4057 death
508 4010 538 4058 of
555 4009 624 4060 Onut
637 4010 680 4058 the
696 4009 818 4071 kingdom
844 4012 918 4058 men!
943 4009 1017 4076 (Sax.
1038 4007 1144 4076 Chron.)
1186 4011 1307 4062 Florence

353 4092 409 4127 was
427 4083 454 4126 at
468 4080 522 4128 first
533 4080 654 4129 divided:
671 4079 714 4128 the
734 4079 819 4128 north·
844 4084 923 4129 states
935 4081 990 4129 that
1002 4079 1097 4143 Elgife,
1107 4086 1151 4130 not
1162 4081 1239 4142 being
1249 4083 1307 4132 able

353 4162 399 4196 ern
416 4154 474 4210 part
484 4149 620 4199 felltothe
636 4150 710 4199 share
722 4149 751 4197 of
762 4150 818 4199 Ha·
844 4155 869 4198 to
887 4151 949 4199 bear
968 4151 1010 4199 the
1029 4151 1092 4213 king
1111 4166 1127 4200 a
1143 4167 1199 4214 son,
1212 4153 1308 4214 passed

354 4217 419 4281 rold,
441 4219 492 4268 and
519 4220 672 4271 Hardacnut
699 4220 817 4270 obtained
844 4221 1031 4282 uponhimthe
1042 4221 1111 4273 child
1121 4221 1151 4272 ol
1158 4237 1175 4272 a
1186 4223 1296 4274 eobblar.
