2858 4890
164 394 234 442 mu.
251 376 293 458 1.]
389 390 501 439 unsri
527 389 653 437 ancon
678 388 893 438 anctorum.
1054 374 1119 440 123

164 550 247 634 quia
260 550 373 614 beatae
391 549 639 614 recordationis
654 546 888 630 Augustinus
902 547 963 632 qui
975 552 1119 615 verbum

165 652 246 728 Dei,
260 652 452 734 imperante
470 648 653 732 Gregorio,
668 647 864 731 Anglorum
883 650 979 732 genti
1001 651 1120 714 minis·

166 753 294 829 trahat,
311 758 347 815 et
362 751 607 833 gloriosissime
621 751 775 814 ecclesiis
789 749 929 833 praefuit
944 750 1121 830 Saxoniae,

167 853 204 915 in
225 851 346 915 eadem
367 851 509 916 civitate
535 852 625 915 diem
648 851 745 928 obiit,
765 857 801 914 et
823 868 947 933 corpus
969 851 1063 915 ilbus
1084 852 1121 915 in

168 951 312 1017 basilica
335 952 429 1017 beati
445 952 541 1015 Petri
564 951 797 1034 apostolorum
820 951 998 1033 principis,
1017 971 1121 1034 quam

168 1071 347 1117 successor
369 1051 446 1136 ejus
463 1052 672 1116 Laurentius
691 1051 853 1128 sacravit,
869 1053 1045 1116 conditum
1067 1052 1121 1116 fu·

167 1153 265 1230 isset,
280 1153 393 1217 visum
407 1159 461 1217 est
475 1152 608 1216 cunctis
634 1152 747 1233 gentis
763 1163 892 1215 nostrae
909 1153 1122 1235 sapientibus

167 1260 339 1336 quatenus
368 1254 405 1317 in
428 1253 490 1317 illa
523 1253 664 1318 civitate
697 1251 984 1336 metropolitanus
1012 1254 1123 1318 honor

168 1354 354 1418 haberetur
380 1354 439 1417 ubi
466 1347 627 1437 ¹corpore
655 1360 782 1436 pausat
807 1353 867 1434 qui
889 1353 943 1416 his
965 1355 1122 1436 partibus

99 1530 102 1535 Ι
169 1453 249 1517 fidei
265 1454 445 1518 veritatem
465 1453 624 1518 inseruit.
676 1452 787 1538 Cujus
800 1453 931 1536 itaque,
954 1454 1044 1519 sicut
1060 1474 1122 1519 vos

169 1555 277 1631 scitis,
292 1554 474 1636 dignitatis
488 1554 652 1619 honorem
665 1553 814 1637 primum
833 1573 897 1616 rex
913 1552 1003 1632 Offa,
1016 1574 1121 1638 prop·

169 1662 223 1719 ter
236 1655 451 1719 inimicitiam
464 1674 542 1718 cum
556 1653 745 1719 venerabili
761 1653 936 1718 Lanberto
959 1662 995 1719 et
1019 1664 1122 1737 gente

171 1755 439 1819 Cantuariorum
453 1763 643 1839 acceptam,
664 1761 834 1831 avertere,
850 1755 935 1818 etin
950 1755 1037 1818 duas
1059 1776 1123 1838 pa·

169 1855 304 1920 rochias
321 1856 501 1940 dissipare,
518 1856 634 1936 nisus3
658 1861 695 1918 et
708 1853 883 1938 piissimus
896 1856 1122 1939 coepiscopus

169 1963 205 2021 et
228 1963 427 2020 antecessor
454 1963 571 2022 vester
601 1953 790 2033 Adrianus,
818 1962 945 2038 rogatu
967 1955 1125 2039 praedicti

169 2057 273 2139 regis,
288 2057 402 2121 facere
424 2058 531 2139 coepit
544 2056 636 2140 quod
650 2056 746 2138 prius
768 2075 870 2120 nemo
891 2057 1127 2139 praesumpsit,

171 2163 207 2221 et
223 2157 432 2222 Merciorum
444 2157 628 2240 praesulem
640 2155 747 2239 pallio
762 2155 900 2221 extulit.
952 2155 1126 2222 Neutrum

172 2264 288 2322 tamen
312 2277 358 2321 ex
379 2258 433 2321 his
456 2258 648 2340 culpamus,
663 2276 750 2340 quos
767 2256 939 2335 Christus,
954 2265 994 2322 ut
1016 2258 1126 2323 credi·

170 2378 259 2437 mus,
283 2357 572 2423 aeternavictoria
587 2357 788 2441 triumphat.
839 2357 906 2421 Sed
929 2365 1044 2423 tamen
1061 2379 1124 2424 ex·

172 2459 366 2524 cellentiam
389 2465 541 2524 vestram
563 2457 708 2522 humiles
731 2476 928 2536 exoramus,
957 2459 1081 2541 quibus
1104 2479 1126 2523 a

173 2560 250 2624 Deo
266 2560 389 2623 merito
412 2559 593 2643 sapientiae
609 2559 718 2623 clavis
741 2558 870 2622 collata
889 2565 954 2636 est,
968 2566 1008 2623 ut
1022 2579 1127 2644 super

172 2659 237 2724 hac
268 2679 375 2724 causa
401 2679 479 2724 cum
505 2659 719 2740 sapientibus
741 2659 866 2723 vestris
890 2661 1067 2742 quaeratis,
1090 2669 1126 2726 et

172 2760 334 2844 quicquid
348 2761 448 2825 vobis
463 2760 634 2838 videatur,
649 2759 748 2823 nobis
761 2765 884 2841 postea
905 2760 1126 2839 servandum,

173 2863 359 2926 rescribere
382 2860 593 2943 dignemini3
616 2880 659 2925 ne
673 2860 792 2924 tunica
807 2858 938 2924 Christi
962 2860 1125 2925 inconsu÷

173 2962 244 3025 tilis
273 2960 421 3046 alicujus
451 2962 544 3025 inter
571 2979 635 3025 nos
660 2959 885 3024 dissensionis
914 2961 1039 3024 scisma
1062 2980 1126 3044 pa÷

173 3063 292 3140 tiatur,
315 3062 376 3126 sed
397 3067 625 3145 pervestram
648 3079 770 3124 sanam
793 3060 999 3138 doctrinam,
1013 3062 1126 3127 utde·

173 3161 377 3241 sideramus,
410 3163 455 3226 ad
484 3181 577 3226 verae
615 3160 712 3245 pacis
739 3161 909 3225 unitatem
944 3162 1124 3244 dirigatur.

174 3262 308 3344 Magna
330 3263 421 3327 enim
443 3262 638 3326 humilitate
663 3261 767 3325 simul
790 3268 826 3326 et
846 3261 1030 3327 dilectione
1050 3263 1129 3328 haec

173 3362 237 3427 tibi
247 3364 463 3447 scripsimus,
472 3382 565 3447 papa
578 3361 787 3439 beatissime,
801 3362 1016 3428 clementiam
1031 3371 1128 3428 tuam

173 3464 348 3545 profusius
369 3471 550 3549 precantes
565 3469 737 3546 quatenus
761 3463 805 3526 ad
826 3483 879 3541 ea,
896 3483 975 3546 quae
993 3483 1014 3528 a
1029 3465 1129 3529 nobis

174 3566 369 3630 necessario
402 3565 568 3648 explicita
591 3572 685 3641 sunt,
716 3564 865 3645 benigne
896 3572 931 3628 et
951 3565 1047 3649 juste
1073 3585 1128 3628 re·

175 3666 359 3748 spondeas
412 3666 480 3730 Sed
503 3672 539 3729 et
559 3664 655 3728 illam
678 3664 873 3746 epistolam,
887 3684 992 3746 quam
1009 3664 1130 3729 Ethel-

174 3766 280 3830 ardus
305 3765 584 3850 archiepiscopus
610 3782 726 3828 coram
751 3765 886 3828 cunctis
907 3765 1131 3847 provinciali-

173 3867 239 3930 bus
269 3867 441 3951 episcopis
468 3866 597 3931 nostris
637 3863 863 3948 multiplicius
892 3865 935 3928 de
965 3865 1049 3942 suis,
1089 3882 1133 3928 ac

211 4137 217 4167 ¹
233 4136 459 4262 Gssrpjrcgomt]
475 4142 504 4191 C.
516 4140 551 4189 D.
560 4140 593 4189 Ε.
603 4139 657 4201 M.;
674 4153 766 4202 corpus
785 4143 887 4204 pausat,
898 4139 947 4200 h.;
964 4154 1056 4203 corpus
1073 4141 1133 4204 ejus

173 4227 277 4275 pausa,
318 4248 324 4261 .
362 4249 368 4261 .
