2858 4890
146 420 212 466 cre.
231 401 286 482 ru]
364 416 478 465 cusan
501 416 629 465 nacula
653 418 864 467 draconun.
1031 408 1097 473 235

146 574 341 651 consilium,
368 595 446 657 quae
474 583 629 641 tenerum
652 578 786 661 jugiter
811 579 992 645 obsidebat
1021 583 1096 645 ani-

146 694 250 737 mum.
303 674 370 738 Sed
389 677 550 758 ignoscat
572 677 683 741 dolori
705 700 782 743 meo
805 680 932 757 anima,
955 681 1095 765 jamdu-

124 794 126 799 ’
146 776 228 838 dum
246 775 282 838 in
304 777 423 859 requie
444 777 614 841 collocata
629 771 707 861 ¹per
723 781 900 844 Dunstaui
921 782 1096 846 interven-

146 883 243 941 tum:
266 874 377 954 dolor,
391 878 544 960 inquam,
571 898 625 941 me
648 880 743 960 cogit
764 880 861 943 illum
885 880 1098 965 adjudicare,

147 976 230 1060 quia
259 975 397 1058 privata
428 977 563 1041 utilitas
599 979 738 1060 publico
760 979 888 1045 damno
911 1001 981 1045 non
1007 1002 1096 1066 prae-

142 1076 292 1160 judicat,
307 1078 377 1141 imo
399 1097 578 1141 commune
602 1077 820 1161 dispendium
843 1081 981 1163 privato
1004 1102 1097 1146 oom-

148 1177 250 1240 modo
280 1176 535 1261 praeponderat.
614 1178 697 1242 Luit
736 1178 795 1243 ille
827 1200 951 1262 poenas
990 1201 1097 1247 ausus

147 1278 319 1341 temerarii
356 1278 462 1342 etiam
498 1278 563 1341 bac
596 1279 631 1342 in
665 1278 752 1355 vita,
788 1273 966 1345 ²maxima
999 1292 1098 1364 parte

147 1377 245 1459 regni
261 1379 454 1443 mutilatus.
502 1377 584 1456 Qua
598 1379 727 1463 injuria
744 1399 929 1462 percussus
941 1375 1098 1447 ³vivend'r
1111 1412 1212 1452 nanu

148 1477 251 1542 finem
265 1477 360 1554 iecit,
375 1478 567 1544 Wintoniac
582 1479 618 1541 in
634 1498 726 1544 novo
747 1481 958 1545 monasterio
980 1488 1096 1547 tumu·
1110 1462 1218 1554 mir.

147 1579 252 1643 latus.

449 1770 497 1816 DE
520 1770 615 1817 REGE
639 1769 796 1818 EDGARO.

201 1875 306 1960 §148
330 1873 436 1941 Anno
454 1876 649 1941 Dominicae
673 1878 920 1943 incarnationis
943 1898 1097 1962 nongen-
1112 1885 1222 1949 naga(

150 1978 273 2041 tesimo
290 1975 581 2061 quinquagesimo
599 1998 704 2055 nono,
731 1979 903 2059 EdgaruS,
930 1979 1040 2044 honor
1056 2000 1097 2045 ao
1110 1951 1219 1991 ΔΜ

151 2076 284 2141 deliciae
301 2075 510 2160 Anglorum,
532 2079 625 2142 filius
643 2077 827 2156 Edmundi,
850 2078 958 2142 frater
973 2079 1097 2159 Edvvii,

145 2177 355 2261 juvenculus
365 2198 532 2243 annorum
541 2178 729 2256 sexdecim,
737 2198 883 2260 regnum
894 2179 1099 2262 adipiscere,

150 2279 270 2342 eodem
286 2298 455 2343 annorum
472 2298 614 2343 numero
632 2280 738 2344 ferme
752 2280 874 2345 tenuit.
928 2279 1000 2344 Res
1024 2281 1099 2365 ejus

149 2380 296 2443 multum
309 2380 486 2463 splendide
508 2379 613 2448 etiam
635 2389 753 2444 nostro
775 2380 993 2445 celebrantur
1014 2388 1100 2446 tem-

149 2500 245 2563 pore.
297 2479 439 2545 Affulsit
464 2480 565 2544 annis
586 2481 678 2544 illius
701 2480 892 2545 divinitatis
908 2500 1004 2545 amor
1019 2502 1100 2564 pro·

150 2581 269 2663 pitius,
295 2600 397 2664 quem
420 2581 494 2664 ipse
523 2584 740 2646 mercabatur
771 2580 892 2645 sedulo
918 2582 1101 2646 devotione

153 2681 259 2745 animi
281 2688 317 2745 et
332 2681 518 2746 vivacitate
541 2681 685 2745 consilii.
737 2681 898 2764 Denique
920 2681 1101 2764 vidgatum

152 2789 218 2861 est,
232 2781 337 2865 quod,
359 2774 418 2844 4eo
445 2788 621 2859 nascente,
649 2780 841 2863 angelicam
864 2801 984 2846 vocem
1000 2782 1100 2847 Dun-

153 2890 276 2946 stanus
302 2876 507 2965 ⁵cxceperit,
530 2881 638 2945 ‘Pax
662 2879 802 2962 Angliae
826 2883 990 2964 quamdiu
1016 2903 1102 2965 puer

68 3055 73 3065 ¹
153 2983 218 3048 iste
248 2985 458 3065 regnaverit,
490 2989 525 3047 et
555 2981 760 3047 Dunstanus
798 2988 916 3046 noster
951 2983 1101 3048 vixerit.'

154 3084 350 3167 Respondit
372 3085 501 3149 veritas
523 3103 636 3146 rerum
658 3082 793 3147 coelesti
817 3082 979 3146 oraculo:
1014 3084 1101 3148 adeo

151 3185 220 3250 illis
245 3185 442 3250 viventibus
467 3183 630 3267 splendor
656 3182 910 3247 ecclesiasticus
941 3181 1102 3261 effloruit,

153 3295 188 3352 et
221 3286 391 3371 tumultus
427 3285 571 3348 bellicus
600 3282 789 3363 emarcuit;
824 3302 887 3347 nec
912 3283 1004 3347 ullus
1031 3282 1102 3348 fere

155 3406 266 3451 annus
279 3387 316 3450 in
332 3384 511 3449 Chroniois
528 3384 724 3468 praeteritus
746 3390 801 3448 est
821 3404 891 3467 quo
913 3403 982 3448 non
1005 3403 1103 3467 mag-

189 3593 197 3626 ¹
216 3595 268 3643 Per
287 3595 413 3644 Domtaoi
433 3596 615 3660 interventum]
641 3598 712 3647 cians
734 3597 856 3647 occurred
877 3597 948 3648 Aa).
971 3602 1030 3661 95⁷,
1053 3600 1103 3648 and

153 3666 207 3714 'ibe
229 3666 285 3714 soul
307 3665 336 3714 of
356 3666 399 3714 the
422 3667 493 3729 king,
515 3668 550 3729 by
573 3669 616 3717 the
642 3669 807 3731 Eodgarwas
818 3668 947 3717 chosenas
955 3668 1021 3718 their
1031 3669 1103 3732 king.

155 3751 259 3799 prayere
281 3735 311 3785 oi
324 3736 453 3799 Dumtan,
476 3739 498 3787 is
515 3739 572 3788 said
590 3742 616 3788 to
677 3736 804 3788 ³Vivendi
815 3733 984 3806 finemfecit]
1003 3739 1104 3801 Eadwy

154 3809 219 3857 have
230 3807 294 3856 been
306 3807 421 3856 released
436 3807 500 3857 from
516 3809 559 3857 the
573 3809 617 3857 de·
641 3808 702 3857 died
715 3824 747 3858 on
759 3809 801 3857 the
814 3811 853 3856 let
864 3808 893 3856 oi
901 3808 1020 3872 October,
1031 3809 1102 3860 Aa).

154 3880 204 3928 vils
214 3879 272 3927 who
283 3893 350 3927 were
362 3879 480 3940 carrying
495 3880 516 3927 it
531 3894 616 3940 away.
641 3882 700 3929 959.
891 3938 893 3942 Ι

155 3950 203 3999 See
226 3948 335 3999 Osbern.
358 3949 399 3997 De
422 3949 483 3998 Vita
500 3950 526 3999 S.
544 3949 617 3998 Dun-
676 3947 687 3978 ⁴
710 3949 748 3996 Eo
774 3947 916 4010 nascente]
949 3947 1020 3997 Aa).
1044 3954 1102 4000 943.

155 4018 615 4081 stani,inAugl.Sacr.pars11.1⁰⁷.
642 4018 766 4080 Compare
786 4017 936 4069 Bridierth's
952 4017 1008 4068 Life
1024 4020 1053 4069 ol
1066 4022 1103 4070 St.

642 4089 771 4138 Dunstan.

190 4157 201 4189 ²
224 4158 338 4208 Maxima
358 4163 430 4222 purte
451 4160 522 4222 regni
544 4159 618 4209 mati·
677 4157 688 4188 ⁵
707 4153 863 4227 Exceperit]
882 4159 916 4209 D.
935 4161 967 4211 E.
987 4161 1044 4221 M.;
1061 4175 1105 4210 ex-

155 4225 243 4298 itura]
262 4230 316 4279 The
328 4230 486 4280 rebelliones
495 4231 537 4280 the
549 4232 618 4280 Mer·
643 4231 722 4296 cepit,
732 4229 766 4280 A.
778 4231 807 4280 S.
818 4232 848 4279 C.
861 4231 893 4280 L.
