2858 4890
152 410 221 457 nra.
236 393 293 474 11.]
377 409 489 457 cusrn
514 410 640 458 nncuu
666 409 880 458 Anononun.
1038 397 1103 462 207

152 569 340 635 invadendi
379 569 489 651 regni,
526 589 605 632 cum
642 569 841 653 supradicto
873 568 1102 635 Constantino

152 671 278 734 iterum
294 670 493 746 rebellante,
510 670 675 733 terminos
692 672 887 735 transierat.
921 671 967 734 Et
982 671 1102 735 Ethel-

152 778 255 834 stano
279 790 323 833 ex
347 771 505 834 consulto
522 770 676 847 cedente,
695 778 735 834 ut
754 770 938 852 gloriosius
952 771 1027 854 jam
1049 773 1102 835 in-

153 870 342 935 sultantem
364 871 530 948 vinceret,
553 870 700 933 multum
725 871 762 934 in
776 869 940 952 Angliam
963 890 1102 954 proces-

153 978 247 1035 serat
269 970 411 1054 juvenis
451 970 701 1034 audacissimus
740 977 775 1034 et
810 971 932 1035 illicita
965 971 1102 1054 spirans

154 1070 281 1147 animo,
306 1071 361 1134 cui
385 1070 524 1133 tandem
540 1071 676 1151 magnis
694 1071 825 1134 artibus
843 1070 980 1148 ducum,
1004 1092 1103 1154 mag-

154 1172 209 1234 nis
230 1171 362 1237 viribus
385 1171 544 1247 militum,
568 1170 669 1253 apudv
683 1163 889 1234 ¹Bruneseld
911 1188 1102 1236 occursum.
1115 1192 1186 1232 estne
1199 1192 1223 1231 of

156 1271 233 1348 Ille,
263 1272 322 1354 qui
350 1276 486 1335 tantum
510 1270 699 1352 periculum
731 1270 907 1335 imminere
936 1279 1102 1350 cerneret,
1114 1244 1265 1342 illidio.

156 1379 235 1434 astu
249 1370 480 1453 exploratoris
500 1390 626 1434 munus
642 1390 840 1451 aggressus
860 1372 1026 1453 depositis
1050 1393 1103 1435 re·
1115 1346 1160 1383 ‘³³⁸'

155 1472 222 1553 giis
239 1472 444 1551 insignibus,
457 1479 703 1553 assumptaque
716 1471 753 1533 in
766 1463 943 1534 ²manibus
958 1473 1103 1550 cithara,

156 1572 200 1635 ad
225 1572 412 1635 tentorium
432 1572 524 1653 regis
552 1571 662 1634 nostri
681 1571 918 1653 progreditur:
943 1573 1002 1635 ubi
1025 1592 1104 1635 cum

155 1690 227 1752 prae
244 1671 373 1734 foribus
396 1672 583 1747 cantitans,
603 1671 775 1735 interdum
791 1691 929 1753 quoque
945 1679 1103 1753 quateret

155 1770 249 1834 dulci
265 1773 463 1834 resonantia
478 1770 538 1835 fila
552 1770 714 1847 tumultu,
728 1769 828 1834 sacile
842 1771 1014 1835 admissus
1039 1780 1103 1850 est,

156 1871 332 1954 professus
365 1873 506 1934 mimum
537 1872 597 1953 qui
638 1871 835 1954 hujusmodi
866 1880 941 1936 arte
980 1872 1104 1955 stipem

155 1971 393 2054 qnotidianam
430 1978 650 2035 mercaretur.
713 1971 846 2052 Regem
875 1978 911 2035 et
940 1973 1105 2036 convivas

155 2070 287 2136 musico
326 2078 501 2135 acromate
536 2071 786 2154 aliquantisper
821 2071 990 2149 delinivit,
1027 2093 1105 2136 cum

156 2173 245 2236 inter
259 2171 475 2254 psallendum
489 2172 604 2235 omnia
620 2173 728 2235 oculis
745 2179 969 2236 scrutaretur.
1001 2172 1105 2236 Post·

157 2292 262 2354 quam
289 2272 433 2338 satietas
458 2271 581 2335 edendi
594 2270 696 2335 finem
718 2272 849 2336 deliciis
873 2272 1106 2356 imposuisset,

158 2380 194 2436 et
207 2373 373 2436 severitas
397 2371 661 2435 administrandi
682 2371 763 2435 belli
778 2373 814 2436 in
828 2373 1001 2454 colloquio
1025 2393 1105 2456 pro-

158 2492 274 2536 cerum
288 2472 554 2549 recrudesceret,
572 2472 666 2535 abire
676 2472 796 2555 jussus
817 2474 966 2555 pretium
982 2479 1106 2536 cantus

55 2632 58 2638 .
158 2573 302 2655 accepit.
336 2571 437 2650 Quod
449 2579 629 2655 asportare
642 2591 826 2650 nauseans,
838 2574 901 2636 sub
913 2593 949 2636 se
962 2573 999 2635 in
1015 2580 1108 2637 terra

159 2672 300 2737 defodit.
353 2672 525 2737 Notatum
553 2671 588 2734 id
617 2691 639 2735 a
670 2672 819 2755 quodam
848 2672 908 2754 qui
946 2674 1027 2735 olim
1056 2673 1107 2735 illi

159 2774 353 2850 militasset,
369 2780 404 2836 et
418 2771 599 2836 confestim
613 2770 821 2835 Athelstano
830 2772 972 2835 dictum.
1025 2772 1107 2854 Ipse

159 2874 331 2938 hominem
356 2874 519 2937 incusans
545 2872 637 2955 quod
661 2872 794 2936 hostem
818 2892 890 2955 prae
913 2872 1021 2936 oculis
1044 2892 1107 2954 po-

160 2975 265 3038 situm
293 2993 363 3037 non
389 2973 607 3056 prodidisset,
635 2972 699 3036 hoc
727 2993 929 3055 responsum
953 2972 1106 3054 accepit:

160 3075 283 3138 ‘Idem
308 3082 561 3138 sacramentum
577 3073 669 3156 quod
683 3074 746 3137 tibi
762 3094 882 3155 nuper,
895 3072 925 3136 0
944 3093 1019 3149 reu,
1030 3072 1108 3148 seci,

160 3174 335 3259 quondam
350 3171 502 3238 Analafo
525 3174 624 3255 dedi;
655 3173 747 3256 quod
771 3174 801 3236 si
825 3175 862 3236 in
883 3175 961 3256 ipso
982 3193 1036 3236 me
1056 3173 1108 3237 vi·

160 3276 270 3339 disses
285 3274 427 3351 violare,
442 3274 485 3338 de
501 3283 535 3339 te
548 3295 685 3358 quoque
702 3293 822 3356 posses
842 3273 1039 3356 exemplum
1062 3273 1108 3336 si-

160 3376 240 3439 mile
263 3395 397 3439 cavere.
450 3375 518 3439 Sed
540 3374 683 3456 dignare
707 3373 825 3437 samuli
852 3375 970 3438 audire
995 3373 1109 3437 consi-

159 3475 256 3553 lium,
278 3483 318 3540 ut
339 3475 419 3540 hinc
436 3475 622 3539 tentorium
649 3493 830 3553 amoveas3
854 3474 993 3557 alioque
1018 3474 1108 3550 loco,

160 3576 372 3658 usquedum
398 3584 514 3658 partes
537 3575 666 3639 relictae
682 3576 835 3651 veniant,
864 3593 1020 3650 manenS,
1044 3574 1109 3635 ini-

161 3677 287 3740 micum
311 3677 507 3758 petulanter
534 3675 759 3739 insultantem
787 3675 942 3739 modesta
967 3680 1110 3736 cuncta·

159 3777 253 3841 tione
285 3777 448 3858 frangas?
516 3776 620 3840 Dicto
648 3776 806 3858 probato,
838 3775 1024 3838 discessum
1057 3780 1111 3835 est

197 4007 624 4084 ¹Bruacseld.]D.E,M.;Brune·
647 4006 701 4055 'l'he
729 4006 807 4055 battle
835 4020 889 4056 was
919 4003 1009 4066 fought
1037 4003 1109 4053 AJ).

54 4103 59 4109 ·
159 4080 225 4143 ford,
236 4079 270 4130 A.
283 4081 312 4130 S.
325 4081 374 4129 L.:
393 4080 544 4142 Breneveld,
557 4081 623 4128 (ἲ.-
648 4080 705 4126 938.

162 4150 349 4213 Brunanburgh
381 4151 407 4198 in
443 4149 623 4198 Northumber-
682 4143 842 4210 turanum]
870 4147 899 4194 C.
913 4143 948 4194 D.
961 4145 1008 4204 E.;
1025 4158 1112 4206 mann,

162 4222 223 4271 land
233 4238 241 4283 3
250 4223 293 4271 the
302 4222 431 4270 exactsite
439 4221 462 4269 is
469 4224 513 4268 not
520 4219 622 4267 known.
651 4216 683 4266 A.
697 4218 726 4268 S.
738 4218 769 4267 L.
