2858 4890
163 421 305 502 nram]
389 435 504 484 unsri
527 434 653 482 nuncu
678 434 888 482 suanorum.
1048 418 1114 484 363

168 593 258 678 palis
288 591 474 657 Herefordi
502 592 567 655 sub
588 591 697 674 ipsius
722 591 859 655 nomine
885 598 1115 655 consecretur.

170 692 246 757 Nec
265 693 420 775 ineptum
443 692 545 756 debet
559 691 668 755 videri
689 699 751 755 aut
772 693 1000 772 incongruum
1022 691 1115 772 quod

169 801 405 857 antecessores
419 791 540 868 nostri,
551 792 649 874 probi
662 799 697 855 et
707 791 861 872 religiosi
873 791 951 868 viri,
962 791 1017 854 vel
1031 791 1117 854 taci-

169 893 338 957 turnitate
355 891 615 993 tolleraverunt,
629 891 685 955 vel
701 892 909 956 auctoritate
931 892 1117 954 roborave-

169 1000 261 1056 runt.

223 1090 330 1175 5211.
346 1089 441 1169 Quid
455 1088 498 1152 de
524 1095 646 1154 sancto
662 1082 861 1166 ¹Kenelmo‚
872 1081 1019 1153 ²tenerae
1033 1094 1119 1154 aeta·
1131 1113 1161 1154 st.
1171 1110 1263 1151 cenum.

171 1192 255 1256 tulae
277 1210 398 1274 puero,
428 1189 541 1272 stylus
566 1189 622 1252 hic
647 1190 923 1253 comminiscetur
948 1189 1117 1271 dignum?

175 1291 281 1357 Hunc
295 1298 395 1373 pater
408 1287 581 1352 Kenulfus
594 1307 657 1352 rex
672 1288 892 1366 Merciorum,
906 1296 1118 1370 septennem,

173 1390 382 1471 Quendridae
404 1389 533 1453 sororis
547 1388 626 1451 fidei
642 1387 857 1452 educandum
877 1388 1035 1471 reliquit;
1058 1388 1118 1452 sed

174 1491 247 1568 illa,
270 1490 359 1553 falso
386 1490 453 1553 sibi
471 1508 617 1570 regnum
639 1489 864 1570 praesagiens,
881 1488 1117 1566 fraterculum,

175 1590 366 1654 tollendum
396 1588 563 1666 emedio,
592 1588 736 1651 satelliti
763 1589 824 1671 qui
848 1588 1009 1652 alumnus
1042 1596 1118 1652 erat

114 1733 116 1738 -
176 1689 438 1754 commendavit.
495 1687 533 1751 Is
565 1689 749 1765 insontem,
782 1707 889 1752 causa
921 1688 1118 1752 remittendi

177 1783 348 1853 ³animum
370 1789 471 1871 quasi
490 1795 654 1851 venatum
682 1787 824 1864 ducens,
851 1789 942 1851 inter
967 1787 1117 1851 frutecta

178 1890 422 1953 obtruncatum
450 1886 613 1951 occuluit.
666 1887 713 1950 Et
741 1889 866 1951 mirum
892 1887 999 1964 dictu,
1025 1887 1118 1969 quod

179 1989 287 2066 fraus,
305 1996 378 2052 tam
395 1987 505 2051 celate
518 1988 554 2050 in
566 1985 698 2068 Anglia
714 1988 910 2064 commissa,
928 1986 1050 2050 Romae
1067 1987 1119 2050 di·

178 2089 309 2153 vinitus
332 2088 504 2152 innotuit:
528 2087 699 2170 siquidem
724 2088 924 2150 membrana
950 2106 1054 2170 super
1069 2087 1120 2150 al·

180 2196 256 2252 tare
281 2188 393 2252 sancti
413 2185 511 2249 Petri
538 2206 698 2270 superne,
725 2187 885 2251 columba
901 2186 1043 2263 ferente,
1061 2187 1120 2250 de-

181 2288 292 2371 lapsa,
308 2287 403 2351 necis
426 2291 461 2350 et
483 2286 710 2369 sepulchralis
732 2288 799 2351 loci
817 2306 879 2369 per
894 2287 1048 2350 ordinem
1070 2288 1120 2349 in-

182 2389 275 2467 dex3
309 2406 401 2470 quae,
430 2387 515 2468 quia
545 2386 723 2450 elementis
751 2384 911 2467 Anglicis
939 2394 1015 2450 erat
1041 2406 1120 2450 con-

181 2489 323 2573 scripta,
340 2507 362 2551 a
391 2486 572 2563 Romanis
601 2493 637 2549 et
662 2486 809 2549 aliarum
833 2487 989 2568 gentium
1015 2486 1124 2550 homi-

181 2589 283 2650 nibus
301 2588 361 2670 qui
378 2587 535 2662 aderant,
550 2586 680 2649 frustra
696 2585 766 2667 legi
782 2592 930 2650 tentata.
982 2585 1049 2649 Sed
1068 2605 1123 2650 sa·

181 2687 326 2750 lubriter
345 2692 381 2749 et
397 2686 434 2749 in
456 2692 612 2768 tempore
633 2686 745 2749 astitit
763 2683 914 2766 Anglus,
931 2692 977 2763 et,
995 2685 1123 2765 linguae

182 2786 398 2851 involucrum
413 2785 597 2848 Latialiter
607 2783 803 2863 Quiritibus
821 2785 996 2862 evolvens,
1013 2784 1125 2849 effecit

183 2894 222 2950 ut
240 2884 422 2969 apostolici
439 2884 587 2966 epistola
610 2885 751 2965 regibus
768 2882 894 2966 Anglis
918 2885 1126 2967 compatrio-

183 2993 255 3050 tam
286 2992 474 3067 martyrem
496 2984 686 3063 indicaret3
720 2992 932 3067 quapropter
953 2985 1125 3066 frequenti

183 3093 276 3149 coetu
291 3086 484 3148 innocentis
501 3104 627 3166 corpus
643 3084 797 3148 levatum
806 3083 1125 3148 Winchelcumbam
1207 3158 1210 3163 Ι

184 3186 385 3249 vehebatur.
438 3184 497 3247 Ita
514 3184 716 3248 clericorum
731 3185 843 3248 vocali
866 3191 984 3260 cantu,
1006 3190 1042 3246 et
1063 3182 1125 3246 lai-

186 3304 303 3349 corum
329 3283 436 3347 alacri
461 3284 600 3366 plausu,
622 3283 838 3367 parricidalis
866 3284 1010 3346 foemina
1033 3302 1124 3346 com-

185 3392 291 3462 mota,
319 3403 338 3446 e
360 3383 512 3448 fenestra
536 3384 706 3446 coenaculi
730 3384 857 3466 inquo
882 3384 999 3447 stabat
1020 3389 1126 3464 caput

187 3484 314 3548 extulit
327 3504 336 3562 ;
354 3490 401 3560 et,
416 3483 505 3546 forte
519 3483 722 3566 psalterium
733 3503 805 3566 prae
816 3485 974 3547 manibus
983 3483 1126 3559 habens,

183 3584 443 3646 continuatione
467 3583 626 3646 lectionis
652 3583 696 3646 ad
716 3584 888 3665 psalmum
908 3588 1125 3665 pervenerat,

185 3683 303 3746 ‘Deus
326 3683 465 3747 laudem
490 3683 625 3759 meam,’
642 3702 745 3764 quem
773 3702 795 3746 a
818 3682 897 3759 fine,
915 3683 1031 3745 nescio
1056 3700 1126 3762 quo

184 3783 376 3865 praestigio,
402 3780 603 3862 retrograde
625 3780 755 3858 dicens,
772 3782 948 3844 nitebatur
969 3781 1126 3843 laetitiam

216 4081 224 4113 ¹
240 4083 374 4144 Kanelate]
391 4083 438 4131 See
449 4086 507 4131 note
517 4079 537 4143 2,
548 4099 575 4144 p.
585 4086 641 4132 132.
706 4080 864 4143 Maiarum]
883 4080 917 4129 A.
937 4083 966 4130 C.
979 4081 1013 4129 D.
1032 4081 1062 4129 Ε.
1078 4082 1108 4131 L.
1119 4098 1127 4141 ;

188 4161 191 4166 “
217 4151 336 4201 ²Teaeroe
355 4153 484 4214 aetatula]
501 4151 534 4201 A.
558 4154 588 4202 S.
610 4155 641 4203 C.
671 4150 1128 4201 after‘anirnurn’S.reads‘velre·

185 4224 218 4272 D.
231 4224 279 4282 E.;
294 4227 387 4271 tenerae
400 4223 477 4283 aetati,
491 4223 519 4271 L.
671 4222 792 4271 creandi!
