2858 4890
363 392 430 457 348
584 407 697 456 casm
721 407 848 456 nnouu
871 408 1088 458 ancnonuu.
1171 393 1259 475 [mn.
1277 408 1317 454 11.

363 566 423 630 bet
444 565 648 643 examinari,
674 571 714 628 ut
735 584 776 629 eo
791 571 914 646 vergat
929 564 1015 628 sacti
1033 562 1202 648 judicium
1222 563 1316 628 unde

364 666 533 748 processit
567 665 714 737 faciendi
746 664 962 728 consilium.''
1029 663 1150 728 Fallor
1179 664 1210 728 si
1243 684 1315 728 non

364 765 455 829 idem
470 765 613 830 Veritas
636 765 731 841 dicit,
752 763 824 827 “Si
851 764 971 828 oculus
996 771 1078 828 tuus
1100 762 1205 828 fuerit
1230 764 1314 827 sim-

364 865 459 948 plex,
483 873 593 930 totum
619 883 744 947 corpus
769 871 866 927 tuum
891 863 1044 927 lucidum
1067 864 1151 944 erit}
1176 864 1313 929 sivero

364 983 512 1047 nequam
536 963 651 1042 fuerit,
675 972 788 1029 totum
817 982 941 1047 corpus
965 971 1063 1028 tuum
1091 964 1314 1027 tenebrosum

364 1065 465 1129 erit.''
517 1057 664 1129 ¹Crebro
690 1083 745 1128 me
768 1062 973 1127 miserabilis
995 1064 1158 1127 convenit
1181 1083 1313 1146 egenus

364 1172 404 1229 ut
418 1161 494 1248 ejus
510 1164 661 1229 levarem
677 1165 850 1246 inopiam3
868 1183 946 1246 ego,
961 1163 1153 1228 futurorum
1168 1163 1313 1242 inscius,

364 1284 434 1329 non
458 1264 574 1342 abnui,
598 1265 659 1329 sed
683 1264 829 1329 diversis
857 1263 1004 1327 monetis
1029 1269 1231 1327 onustatum
1259 1264 1313 1327 di·

363 1363 453 1428 misi.
504 1364 697 1428 Discedens
711 1363 771 1428 ille
788 1364 825 1427 in
839 1363 977 1446 publico
996 1381 1123 1446 aggere
1137 1363 1311 1427 latronem

363 1463 525 1543 offendit3
552 1464 714 1529 incantus
738 1483 816 1527 cum
842 1483 884 1526 eo
909 1482 1101 1527 sermonem
1122 1464 1312 1540 conseruit,
1356 1519 1383 1548 ,Ἴ

362 1564 555 1646 praedicans
581 1565 672 1628 sedis
694 1563 894 1646 apostolicae
915 1562 1178 1644 indulgentiam,
1200 1569 1248 1640 et,
1270 1570 1313 1627 ut

362 1663 466 1727 fidem
496 1663 667 1728 dictorum
701 1664 875 1746 probaret,
909 1663 1121 1745 marsupium
1151 1653 1311 1746 protulit.

364 1763 511 1829 Interim
536 1764 617 1829 dum
640 1765 721 1840 itur,
749 1763 925 1846 multaque
952 1761 1230 1827 confabulatione
1252 1762 1314 1827 via

292 1890 294 1894 ·
363 1863 506 1941 fallitur,
521 1863 662 1928 dolosus
686 1863 758 1941 ille,
771 1863 948 1947 paulisper
966 1869 1170 1940 remoratus,
1187 1870 1312 1944 caput·

364 1983 432 2046 que
454 1963 628 2046 peregrini
651 1964 752 2028 clava
774 1981 878 2047 quam
900 1963 1032 2026 serebat
1054 1961 1223 2044 affligens,
1245 1983 1313 2028 nec

362 2082 461 2127 mora
486 2064 657 2144 extinxit3
690 2062 930 2147 subreptisque
952 2062 1113 2138 denariis,
1138 2062 1311 2143 gloriatus

362 2171 417 2227 est
438 2163 481 2227 de
504 2163 689 2228 homicidio
715 2163 808 2246 qnod
830 2170 1051 2246 persuaserat
1069 2162 1225 2245 pecuniae
1248 2181 1311 2226 cu·

360 2262 454 2344 pido.
505 2257 688 2346 ²Nnnquid
709 2283 793 2344 ergo
813 2270 869 2325 m'e
891 2262 972 2326 inde
988 2257 1081 2327 recte
1094 2261 1312 2346 judicabitis,

360 2363 420 2443 qui
442 2364 625 2445 peregrino
646 2363 807 2427 dederam
826 2361 917 2426 unde
946 2381 1087 2426 causam
1113 2362 1233 2426 mortis
1253 2362 1310 2426 in·

363 2465 543 2528 curreret?
596 2462 721 2546 Neque
740 2463 831 2526 enim
846 2462 917 2539 ille,
932 2463 1090 2544 quamvis
1112 2462 1311 2526 crudelissi-

362 2581 452 2639 mus,
479 2563 651 2626 bominem
676 2562 913 2646 =pessundaret
942 2562 1009 2625 nisi
1036 2562 1147 2626 avidis
1175 2563 1309 2627 sinibus

361 2680 520 2726 nummos
542 2662 702 2727 infarcire
725 2669 891 2747 speraret.
944 2660 1037 2739 Quid
1061 2662 1172 2726 dicam
1192 2663 1234 2726 de
1256 2663 1309 2726 le·

361 2761 462 2842 gibus
477 2763 668 2827 forensibus
682 2771 717 2828 et
734 2761 1000 2834 ecclesiasticis?
1053 2761 1180 2826 Nonne
1198 2762 1235 2825 in
1258 2764 1310 2828 eis

360 2879 468 2924 unum
491 2863 650 2946 idemque
667 2863 809 2940 sactum,
831 2862 968 2926 diverso
988 2870 1160 2944 respectu,
1185 2868 1221 2926 et
1241 2883 1309 2945 pu-

362 2961 456 3025 nitur
488 2970 524 3026 et
544 2963 732 3027 laudaturi
755 2961 1042 3026 animadvertitur
1068 2963 1105 3026 in
1134 2963 1309 3027 latronem

359 3062 452 3142 quod
473 3062 636 3126 occiderit
656 3062 829 3126 hominem
851 3062 888 3126 in
910 3062 1059 3139 occulto,
1081 3063 1249 3145 probatur
1270 3063 1309 3127 in

360 3162 468 3227 milite
496 3164 527 3226 si
558 3162 685 3226 fuderit
707 3163 843 3226 hostem
872 3162 909 3225 in
937 3162 1051 3241 bell03
1083 3162 1135 3225 ita
1164 3161 1308 3226 homici-

359 3261 453 3326 dium
477 3270 512 3326 et
534 3263 571 3326 in
591 3263 652 3327 illo
675 3261 903 3344 vituperabile
926 3262 1019 3326 etin
1041 3263 1110 3326 isto
1130 3262 1309 3326 landabile

358 3369 530 3439 censetur,
539 3364 622 3445 quia
636 3362 703 3427 iste
716 3382 780 3445 pro
794 3362 908 3426 salute
918 3361 1053 3444 patriae,
1066 3362 1126 3425 ille
1141 3362 1309 3426 occiderit

359 3482 422 3544 pro
443 3462 619 3526 aviditatis
639 3462 802 3544 ingluvie.
856 3461 1035 3525 Laudatus
1051 3470 1104 3527 est
1117 3461 1200 3525 olim
1214 3481 1308 3543 prae·

357 3562 513 3627 dicandae
534 3562 708 3626 memoriae
729 3560 963 3644 praedecessor
987 3569 1105 3625 noster
1127 3558 1308 3627 Adrianus

356 3661 488 3745 primus
529 3663 621 3746 quod
656 3661 882 3727 investituras
917 3660 1140 3725 ecclesiarum
1171 3659 1310 3726 Karolo

357 3762 491 3846 Magno
513 3763 733 3838 concesserit,
756 3762 807 3825 ita
827 3768 868 3824 ut
890 3760 1005 3824 nullus
1033 3760 1164 3824 electus
1183 3780 1311 3827 couse-

390 4047 400 4080 ¹
420 4049 534 4112 Crebra]
558 4047 593 4097 A.
611 4048 640 4098 S.
660 4045 990 4108 nannetiscurtis,
1011 4045 1054 4109 qai
1078 4046 1209 4109 peregrino
1234 4049 1314 4098 dede.

353 4125 420 4170 certa
431 4120 529 4179 crebro,
540 4117 569 4168 S.
839 4131 894 4164 rom
904 4118 967 4164 ande
980 4131 1078 4164 com
1095 4116 1182 4166 nortis
1196 4117 1312 4170 tumn.

388 4187 529 4252 'Nrnqrid
546 4203 605 4250 ergo
622 4201 660 4236 ne
678 4186 734 4236 inde
751 4190 815 4236 rocta
839 4187 900 4251 ret]
917 4186 1138 4237 Omittedincl.
