2858 4890
337 398 381 468 52
562 415 675 465 casm
699 416 825 467 11111111
848 415 1061 465 anchorum
1164 400 1287 481 [11111.

337 576 393 641 sui
415 577 452 640 11
474 577 587 641 sinum
610 585 646 642 et
668 577 917 660 protectionem
938 575 1107 640 Romanae
1122 572 1289 649 ecclesiae,

338 697 460 761 meque
471 678 553 742 licet
566 679 746 760 indignum
768 698 846 742 cum
868 676 945 760 ipsa
966 674 1187 756 suscipiente,
1206 692 1290 738 con-

338 780 565 844 sentientibus
592 780 697 843 etiam
727 779 885 842 omnibus
915 775 1107 840 Britanniae
1136 773 1289 855 regibus,

340 879 618 963 archiepiscopis,
641 879 823 962 episcopis,
838 877 994 955 ducibus,
1021 882 1126 957 atque
1154 873 1289 938 abbati-

339 981 415 1059 bus,
431 987 547 1044 statuo
564 1000 630 1062 ego
652 987 757 1062 atque
780 979 957 1055 confirmo,
983 977 1147 1060 quatinus
1169 993 1289 1039 omnes

339 1087 440 1145 terrae
456 1087 491 1144 et
508 1081 586 1144 loca
608 1087 644 1144 ct
662 1081 896 1164 possessiones
915 1080 1027 1142 beatae
1045 1076 1169 1140 Mariae
1184 1074 1289 1138 Glas-

338 1180 407 1244 1111
422 1181 492 1244 sint
507 1180 637 1263 quieta,
650 1189 686 1245 et
701 1182 744 1244 ab
760 1164 917 1246 omuibus
932 1177 1036 1260 regiis
1050 1176 1295 1241 exactionibus

339 1287 376 1345 et
397 1281 557 1364 operibus
581 1301 659 1364 quaa
680 1281 787 1347 indici
809 1282 934 1357 solent,
957 1277 1127 1355 videlicet,
1148 1276 1290 1358 expedi-

339 1381 446 1458 tione,
482 1388 518 1447 et
552 1381 670 1462 pontis
709 1380 842 1446 arcisve
877 1378 1145 1454 constructione,
1174 1383 1210 1440 et
1245 1377 1290 1440 ab

340 1481 491 1546 omnium
521 1481 855 1564 archiepiscoporum
879 1487 915 1544 et
943 1479 1181 1561 episcoporum
1210 1495 1292 1558 pro-

339 1582 609 1665 mulgationibus
631 1590 667 1646 et
688 1580 1018 1664 perturbationibus,
1032 1578 1122 1643 sicut
1140 1577 1177 1640 in
1200 1576 1292 1641 anti-

339 1681 417 1764 quis
446 1682 601 1766 ejusdem
630 1682 785 1747 ecclesiae
813 1681 918 1746 cartis
946 1680 1185 1745 confirmatum
1215 1696 1292 1741 esse

340 1783 527 1861 invenitur,
556 1791 592 1847 et
618 1803 640 1847 a
681 1783 991 1865 praedecessoribus
1034 1778 1120 1843 meis
1156 1776 1291 1842 Chone-

339 1882 499 1960 walchio,
513 1882 729 1961 chentwino,
744 1882 956 1959 Chedwalla,
970 1879 1136 1945 Baltredo
1158 1878 1292 1960 astipu-

338 1980 449 2045 latum
462 2002 539 2047 esse
553 1983 755 2061 dinoscitur,
776 1984 982 2048 inconcussa
1001 1987 1037 2045 et
1058 1980 1192 2045 illibata
1212 1999 1290 2061 per-

339 2089 512 2146 maneant.
570 2083 617 2146 Et
643 2103 857 2167 quaecunque
881 2082 1082 2147 emerserint
1104 2098 1231 2157 causae,
1253 2080 1290 2142 in

340 2181 544 2260 homicidiis,
567 2184 769 2266 sacrilegiis,
793 2182 981 2260 veneficiis,
1005 2181 1119 2259 surtis,
1148 2179 1291 2263 rapinis,

341 2280 391 2345 in'
407 2283 631 2366 dispositione
666 2279 887 2350 ecelesiarum
920 2290 956 2349 et
982 2281 1225 2364 descriptione,
1254 2280 1291 2343 in

342 2381 558 2449 ordinatione
587 2386 800 2463 clericorum,
828 2383 865 2449 in
902 2381 1152 2449 conventiculis
1184 2400 1289 2464 syno-

340 2481 489 2562 dalibus,
511 2491 547 2547 et
572 2485 607 2550 iu
628 2486 787 2550 omnibus
809 2484 1002 2570 judiciariis
1025 2481 1289 2546 examinationi-

341 2584 419 2662 bus,
442 2585 571 2667 absque
590 2585 694 2650 ullius
710 2585 857 2649 hominis
875 2583 1090 2669 praejudicio,
1105 2581 1240 2646 abbatis
1256 2588 1291 2647 et

341 2691 532 2748 conventus
554 2684 779 2768 dispositione
800 2685 975 2750 finiantur.
1036 2684 1103 2748 Sed
1128 2682 1292 2748 1111111-

343 2783 407 2847 bus
429 2785 526 2866 regni
548 2786 615 2848 mei
634 2786 786 2869 regibus,
809 2784 1087 2869 archiepiscopis,
1111 2783 1294 2867 episcopis,

341 2883 497 2962 ducibus,
520 2892 555 2949 et
576 2886 800 2969 principibus,
822 2906 926 2969 super
949 2886 1113 2949 honorem
1135 2903 1236 2948 suum
1255 2892 1296 2949 et

342 3002 493 3049 amorem
511 2993 631 3050 meum'
647 2987 825 3070 praecipio,¹
852 2994 887 3051 et
914 2986 1084 3063 omuibus,
1114 2991 1186 3050 tam
1208 2984 1294 3051 meis

343 3103 447 3166 quam
474 3106 593 3150 eorum
620 3088 799 3165 ministris,
828 3107 933 3171 super
959 3087 1105 3150 salutem
1141 3085 1294 3168 corporis

343 3185 398 3248 sui
426 3187 603 3270 praecipio,
630 3207 673 3251 ne
701 3188 793 3252 ullus
822 3208 940 3252 eorum
972 3187 1119 3251 insulam
1153 3184 1296 3249 Domini

344 3284 454 3348 nostri
468 3285 555 3350 Jesu
579 3286 720 3367 Christi,
743 3296 778 3353 et
801 3295 978 3371 perpetuae
1001 3286 1145 3369 virginis
1170 3285 1294 3356 Mariae

344 3381 513 3462 Glasteie,
552 3407 615 3450 nec
660 3389 813 3473 ejusdem
853 3389 1005 3453 ecclesiae
1047 3387 1296 3470 possessiones

343 3501 451 3547 causa
494 3486 695 3568 placitandi,
739 3488 990 3572 perscrutandi,
1032 3486 1200 3570 rapiendi,
1239 3486 1296 3552 vel

342 3583 474 3667 aliquid
500 3585 648 3650 faciendi
675 3590 766 3671 quod
795 3589 921 3653 ibidem
947 3589 1025 3652 Deo
1050 3587 1296 3651 famulantibus

344 3685 455 3766 possit
475 3704 551 3750 esse
573 3686 609 3749 in
631 3689 843 3767 scandalum,
867 3689 995 3753 audeat
1015 3689 1155 3752 intrare.
1202 3686 1296 3752 Illud

339 3802 429 3853 aare
443 3786 689 3869 omnipotentis
703 3790 771 3853 Dei
790 3798 825 3854 et
845 3796 1022 3872 perpetuae
1044 3788 1189 3870 virginis
1216 3787 1296 3852 Ma·

345 3883 418 3963 riae,
440 3893 476 3950 et
498 3887 676 3952 beatorum
699 3891 933 3973 apostolorum
955 3888 1053 3953 Petri
1074 3895 1110 3952 et
1125 3886 1240 3966 Pauli,
1262 3897 1299 3953 et

344 3986 496 4050 omnium
522 3996 719 4053 sanctorum
737 3989 979 4056 interdictione
1001 3988 1176 4073 prohibeo,
1200 4009 1243 4053 ue
1259 3990 1297 4053 in

344 4081 422 4165 ipsa
448 4085 692 4171 Glastingensi
717 4091 872 4167 ecclesia,
897 4111 959 4154 nec
987 4091 1022 4152 in
1054 4089 1208 4154 ecclesiis
1230 4089 1297 4154 sibi

343 4185 504 4265 subditis,
542 4189 712 4268 videlicet,
749 4176 894 4270 Soweie,
932 4190 1074 4267 Brente‚
1113 4189 1298 4270 Merlinch,
