2858 4890
317 365 382 431 120
541 381 653 430 eusrn
678 381 805 430 nucuu
829 380 1042 430 nncuonuu.
1139 362 1227 446 [mu.
1247 383 1271 429 1.

317 541 419 624 gione
457 540 581 625 impar,
616 540 723 604 missa
755 539 866 604 Leoni
893 536 1042 604 Adriani
1078 537 1272 604 successori

318 640 478 726 epistola,
498 640 740 706 AEthelardum
767 659 1001 704 successorem
1030 640 1212 704 Lanbrihti
1237 640 1274 703 in

319 743 501 826 pristinam
527 742 732 824 dignitatem
758 740 972 820 sublevavit3
996 739 1086 804 unde
1111 735 1273 805 ¹Albinus

319 842 356 907 in
387 841 535 926 epistola
563 842 607 907 ad
634 841 780 905 eundem
806 841 1069 906 AEthelardum:
1101 834 1274 905 ‘²Audita

319 942 549 1027 prosperitate
571 941 705 1007 itineris
720 941 839 1018 vcstri,
862 949 898 1005 et
920 942 1126 1006 reversionis
1148 942 1184 1005 in
1210 962 1272 1024 pa-

319 1043 435 1131 triam,
458 1051 494 1108 et
508 1043 679 1126 quomodo
701 1044 745 1106 ab
767 1041 959 1126 apostolico
981 1042 1134 1124 suscepti
1147 1041 1274 1121 fuistis,

321 1150 396 1207 toto
411 1143 522 1207 cordis
545 1143 670 1208 affectu
693 1143 825 1225 gratias
847 1142 905 1224 egi
926 1142 1077 1207 Domino
1094 1143 1171 1207 Deo
1193 1163 1275 1206 nos·

322 1249 389 1321 tro,
404 1244 464 1324 qui
486 1264 611 1326 magno
634 1243 825 1309 clementiae
850 1243 941 1308 dono
963 1263 1128 1327 prospero
1152 1242 1275 1310 itinere

321 1351 474 1408 vestram
501 1345 592 1408 viam
625 1344 763 1422 direxit,
796 1352 832 1409 et
864 1343 958 1408 dedit
987 1344 1086 1408 vobis
1126 1345 1275 1425 gratiam

321 1442 359 1507 in
390 1452 577 1528 conspectu
603 1443 795 1527 apostolici,
815 1445 957 1526 votique
979 1452 1172 1529 compotem
1197 1444 1274 1508 red·

323 1542 373 1608 ire
395 1543 431 1606 in
454 1545 603 1627 patriam
624 1545 805 1623 concessit,
825 1552 861 1609 et
880 1538 1003 1627 ³primi
1021 1545 1172 1611 doctoris
1195 1564 1276 1609 nos·

325 1645 370 1709 tri
399 1644 668 1709 sacratissimam
695 1645 811 1710 sedem
840 1645 884 1709 ad
914 1645 1094 1729 pristinam
1125 1645 1277 1728 dignita-

324 1752 395 1808 tem
419 1765 481 1828 per
502 1753 537 1810 te
558 1744 684 1809 iterum
707 1746 862 1809 exaltare
887 1744 1051 1826 dignatus
1077 1747 1152 1810 est.’
1204 1746 1276 1810 Re·

322 1844 414 1927 galis
429 1845 537 1927 igitur
553 1844 710 1929 epistolae
726 1853 873 1929 partem,
889 1846 991 1909 simul
1006 1853 1042 1910 et
1055 1845 1276 1929 pontificalis,

323 1965 498 2031 apponere
517 1946 661 2028 dignum
682 1966 772 2025 reor,
796 1947 954 2028 quamvis
977 1948 1167 2029 anticipare
1189 1954 1276 2011 tem-

323 2065 447 2129 porum
471 2046 592 2110 seriem
607 2047 747 2128 videar;
771 2046 832 2111 sed
856 2045 934 2111 ideo
956 2046 1021 2111 hoc
1043 2046 1180 2125 faciam,
1196 2048 1278 2130 quia

324 2144 496 2210 difficilius
521 2154 671 2212 contexo
698 2148 903 2231 interrupta,
930 2167 1034 2228 quam
1060 2148 1202 2214 absolvo
1224 2148 1278 2212 in-

323 2247 460 2312 stituta.
851 2320 858 2329 ,

164 2359 305 2415 canuno,
378 2346 461 2431 §88.
478 2339 668 2412 “Domino
684 2348 882 2414 beatissimo
897 2357 932 2414 et
947 2370 1028 2415 vere
1043 2349 1279 2414 amantissimo

163 2423 279 2526 iiiiii.
326 2441 465 2525 ⁶Leoni,
477 2456 609 2512 sanctae
624 2457 660 2513 et
669 2449 869 2532 apostolicae
882 2450 972 2515 sedis
983 2450 1152 2514 Romanae
1164 2452 1279 2534 ponti-

326 2547 394 2627 fici,
408 2547 584 2613 Kenulsus
600 2549 714 2630 gratia
723 2549 790 2614 Dei
805 2570 868 2614 rex
883 2550 1103 2631 Merciorum,
1112 2572 1191 2617 cum
1206 2552 1279 2636 epi-

325 2649 453 2732 scopis,
469 2649 624 2727 ducibus
640 2656 675 2714 et
691 2650 784 2713 omni
806 2653 871 2715 sub
885 2660 1005 2716 nostra
1019 2651 1150 2717 ditione
1163 2652 1276 2734 digni·

325 2749 410 2814 tatis
434 2749 556 2832 gradm
587 2749 827 2815 sincerissimae
857 2752 1050 2816 dilectionis
1077 2753 1113 2817 in
1140 2752 1279 2817 Christo

326 2849 485 2915 salutem.
528 2849 671 2914 Gratias
694 2850 923 2934 omnipotenti
945 2852 1023 2916 Deo
1045 2872 1180 2936 semper
1205 2853 1280 2934 agi-

326 2969 416 3028 mus,
433 2949 493 3032 qui
510 2950 702 3029 ecclesiam,
717 2970 781 3015 suo
799 2953 950 3035 pretioso
970 2952 1140 3035 sanguine
1159 2952 1281 3035 adqui-

325 3051 443 3129 sitam,
457 3051 550 3115 inter
560 3050 715 3116 diversas
728 3052 847 3116 mundi
863 3052 967 3138 hujus
982 3053 1164 3137 procellas,
1180 3052 1281 3118 novis

325 3171 474 3236 semper,
499 3151 671 3235 prioribus
694 3151 860 3217 advitam
883 3153 1042 3237 sumptis,
1067 3153 1195 3218 suescit
1217 3154 1280 3218 du·

326 3251 425 3316 cibus
452 3251 496 3315 ad
520 3258 659 3334 pontum
678 3251 801 3317 salutis
824 3254 1009 3331 attrahere,
1023 3273 1167 3337 eamque
1189 3275 1282 3320 nova

326 3351 404 3415 luce
438 3350 632 3429 infundere,
662 3361 834 3432 quatenus
861 3354 957 3419 nullo
985 3354 1032 3418 sit
1060 3356 1280 3419 tenebrarum

326 3471 441 3517 errore
465 3452 614 3531 fuscata,
640 3452 700 3515 sed
715 3451 808 3518 viam
822 3453 980 3519 veritatis
1004 3453 1172 3519 inoffenso
1194 3456 1281 3539 pede

326 3699 329 3704 ’
364 3701 509 3769 ¹Albinae]
525 3704 559 3755 A.
572 3705 607 3755 D.
619 3707 653 3755 Ε.
665 3706 712 3767 L.;
729 3706 787 3755 Alc·
850 3702 976 3754 ⁴Domino
988 3705 1144 3756 beatissimo.
1159 3741 1166 3756 .
1179 3740 1186 3755 .
1203 3710 1283 3754 custo·

327 3776 415 3836 uinus,
425 3775 454 3824 S.
468 3777 498 3826 C.
534 3777 581 3825 See
592 3779 650 3826 note
661 3773 681 3834 ⁴,
691 3793 717 3839 p.
727 3781 769 3827 93.
815 3775 869 3824 diat
893 3775 1055 3840 incolumem]
1084 3776 1147 3825 This
1168 3776 1242 3825 letter
1258 3777 1282 3825 is

363 3841 480 3894 uacua
496 3847 656 3909 prosperitate
669 3882 676 3897 .
689 3881 697 3896 .
710 3883 717 3897 .
734 3848 791 3909 dig-
816 3847 916 3908 printed
926 3847 960 3908 by
967 3847 1088 3907 wilkins,
1096 3846 1221 3910 Concilio,
1231 3847 1283 3898 vol.

326 3916 470 3979 natusest]
482 3916 548 3964 Vide
556 3916 661 3967 Alcuin.
670 3917 721 3979 Op.
730 3922 790 3968 tom.
817 3930 836 3968 1.
848 3932 873 3979 p.
886 3921 944 3980 163,
954 3917 1018 3967 from
1030 3916 1214 3978 Malmesbury.

327 3999 347 4039 ι.
360 4001 386 4048 p.
398 3989 440 4047 84,
452 3987 526 4047 epist.
538 3999 615 4037 ux111.

363 4053 476 4105 ³Pru'mi
501 4056 605 4105 doctoris
626 4057 725 4122 nostri]
754 4058 791 4108 St.
852 4052 1199 4118 ⁶Leoni.]Le0111‚e1ected
1215 4072 1281 4119 pope

326 4125 482 4190 Augustine,
509 4126 660 4189 archbishop
679 4128 708 4177 of
725 4129 791 4178 Can·
817 4129 877 4178 soth
898 4117 1033 4188 Declme,
1054 4127 1115 4176 died
1134 4126 1193 4175 llth
1211 4129 1280 4179 June

326 4197 438 4258 terbury.
818 4203 875 4249 816.
913 4201 960 4250 See
972 4205 1030 4250 note
1041 4194 1097 4260 ξφ.
1110 4201 1167 4251 100.
1224 4262 1227 4267 ὁ
