2858 4890
193 653 508 736 WILLELMI
539 653 1092 738 MALMESBIRIENSIS

260 872 263 877 ‘
314 870 372 928 DII
393 869 537 928 GESTIS
558 868 713 930 REGUM
736 869 982 931 ANGLORUM

485 1051 595 1100 LIBER
611 1053 809 1102 SECUNDUS.

554 1221 740 1230 ——-—

401 1359 538 1407 INCIPIT
563 1359 670 1406 LIBER
692 1359 894 1408 SECUNDUS.

191 1556 213 1609 3
282 1587 295 1596 ,,
337 1589 339 1591 ,
366 1542 406 1625 ᾗ,
483 1523 731 1589 UPERIORI
749 1526 915 1590 volumini
932 1526 988 1590 bic
1008 1530 1124 1591 termi-
1139 1554 1250 1603 cognorat,

421 1631 432 1693 ΙῘ
503 1644 567 1687 nus
590 1626 741 1702 obvenit,
763 1627 823 1707 qui
845 1634 995 1708 quatuor
1018 1648 1126 1710 regna
1138 1604 1233 1694 iiiiii.

302 1726 310 1747 '¹
337 1712 390 1781 55ss
504 1726 695 1789 Britanniae
720 1726 756 1789 in
784 1746 890 1790 unum
922 1735 1124 1794 coarctaret.

185 1840 236 1907 ,vr
291 1872 318 1907 ,a
503 1825 612 1909 Cujus
627 1826 793 1909 potentiae
808 1835 930 1891 auctor
945 1821 1125 1909 ¹Egbirht·

188 1925 217 1942 ‘'
339 1924 382 2010 3
402 1936 413 2006 j
502 1946 555 2003 ue,
578 1926 669 2008 regis
692 1925 768 1989 Inae
783 1926 826 1990 de
840 1927 946 1991 fratre
966 1927 1125 2010 Inegildo

263 2015 426 2119 3{''‹,3‚·'1
501 2027 665 2108 abnepos,
690 2026 805 2108 amplo
830 2027 922 2110 apud
944 2048 1026 2092 suos
1047 2028 1124 2094 loco

243 2112 249 2129 .
298 2107 357 2141 Α
383 2106 422 2137 ’“’
451 2118 456 2125 ’
502 2133 617 2203 natus,
631 2134 666 2190 et
678 2126 827 2208 ingenue
842 2128 1009 2192 educatus
1024 2148 1046 2192 a
1060 2149 1124 2212 pu-

169 2228 280 2305 eritia,
300 2229 392 2292 inter
406 2227 684 2292 West-Saxones
698 2227 845 2291 emicuit.
900 2227 1124 2296 continuatio

170 2330 336 2393 virtutum
347 2328 500 2392 incendit
510 2326 697 2405 invidiam3
722 2328 1124 2410 et,quodfereanatura

170 2435 407 2513 comparatum
422 2436 475 2492 est
490 2435 529 2491 ut
545 2447 645 2508 reges
662 2427 781 2508 iniquo
802 2429 931 2493 intuitu
953 2431 1124 2513 aspiciant

170 2530 200 2592 si
218 2549 304 2612 quos
320 2530 357 2593 in
371 2549 467 2612 spem
484 2527 582 2610 regni
597 2527 792 2591 adolescere
803 2529 956 2607 videant,
973 2529 1121 2595 Brihtri-

170 2650 243 2708 cus,
257 2623 314 2693 ²ut
328 2629 531 2712 praedictum
546 2635 610 2706 est,
634 2634 832 2710 suspectum
846 2629 976 2693 habens
991 2649 1121 2696 memo-

170 2730 288 2794 randae
302 2730 428 2793 indolis
438 2729 615 2812 juvenem,
631 2729 777 2792 emedio
793 2729 915 2792 tollere
931 2731 1119 2811 cogitabat.

171 2830 273 2909 Quod
306 2828 496 2912 Egbirbtus
525 2828 763 2911 praesentiens
794 2828 838 2891 ad
869 2828 982 2892 Offam
1004 2850 1119 2912 regem

171 2932 379 2995 Marciorum
395 2929 479 3011 fuga
495 2928 615 3012 lapsus
628 2935 681 2992 est
694 2949 703 3007 3
718 2948 820 3011 quem
834 2928 916 2992 dum
930 2928 989 2993 ille
1000 2930 1120 2995 sedula

169 3032 348 3114 diligentia
375 3031 607 3107 obumbraret,
637 3028 812 3092 consecuti
839 3036 921 3092 sunt
956 3029 1121 3094 Brihtrici

171 3132 286 3197 nuncii
316 3131 375 3214 qui
399 3130 580 3214 perfugam
605 3129 648 3192 ad
675 3128 882 3212 supplicium
913 3136 1118 3211 repeterent,

169 3231 334 3296 habentes
361 3231 398 3294 in
426 3231 584 3294 manibus
614 3228 809 3293 traditionis
837 3229 996 3312 pretium.
1048 3229 1118 3295 Ac-

169 3333 312 3395 cedebat
335 3330 428 3412 quod
453 3349 517 3393 suo
542 3329 616 3411 regi
641 3323 739 3392 ³filiae
760 3329 869 3412 ipsius
895 3331 1119 3411 postulabant
1130 3355 1185 3396 no.
1195 3353 1239 3396 aar.

168 3432 319 3514 nuptias
343 3438 383 3495 ut
405 3430 550 3512 genialis
572 3429 663 3493 thori
686 3428 799 3492 foedus
823 3437 1009 3512 perpetuas
1030 3431 1120 3496 inter

168 3551 227 3595 eos
252 3532 443 3597 contineret
465 3530 646 3594 amicitias.
700 3529 758 3593 Ita
784 3529 875 3606 Offa,
901 3531 961 3612 qui
987 3532 1119 3595 bellicis

167 3633 268 3696 minis
304 3652 374 3696 ncn
412 3630 560 3708 cederet,
596 3629 640 3694 ad
683 3629 867 3693 blanditias
902 3631 1119 3711 connivente,

204 3867 371 3934 ¹Egbirhtus,
386 3868 454 3930 regis
467 3868 517 3916 iace
533 3869 562 3915 de
572 3865 628 3927 sra—
654 3866 771 3915 Wessex.
808 3864 1118 3927 Seepost,§116,p.172.

166 3947 203 3991 tre
222 3942 334 4004 inegildo
351 3935 475 4006 abnepos]
502 3937 629 3999 Ecgberbt
688 3933 749 3985 ²Ut
764 3935 910 3999 predictum
927 3932 985 3994 est]
1013 3934 1080 3997 §43,
1091 3951 1117 3996 p.

166 4028 221 4062 was
232 4013 274 4061 the
286 4026 330 4060 son
341 4010 370 4059 os
383 4008 537 4070 Ealhmund,
548 4022 592 4055 son
604 4006 633 4055 of
654 4011 695 4056 59.

168 4084 243 4146 Basa,
262 4097 306 4131 son
325 4080 354 4129 of
371 4081 470 4141 Eoppa,
487 4093 532 4127 son
543 4077 572 4126 of
587 4078 629 4125 In·
689 4074 786 4125 ³Ftltae
803 4073 880 4138 ipsius
893 4074 1048 4137 postulabunt
1058 4089 1120 4139 nup·

166 4154 229 4217 gild‚
245 4153 287 4201 the
304 4150 405 4200 brother
420 4149 450 4198 of
463 4149 514 4212 Ini‚
530 4148 633 4210 liugos
654 4147 724 4210 tiae]
741 4146 788 4196 See
799 4162 825 4208 p.
838 4149 880 4209 59,
889 4149 947 4194 note
958 4142 977 4195 ⁶.

948 4237 970 4282 L
