2858 4890
347 374 414 440 222
578 384 691 433 unsri
716 381 843 430 nnouu
867 379 1079 429 Anononnu.
1159 361 1303 442 [mnu.

349 549 562 633 conscripsi:
587 539 787 628 ¹sequentia
808 543 920 624 magis
938 540 1120 605 cantilenis
1143 560 1206 623 per
1222 559 1302 602 suc-

350 653 523 718 cessiones
546 655 740 729 temporum
764 644 913 720 detritis,
928 662 1031 725 quam
1048 641 1146 704 libris
1169 641 1213 704 ad
1227 633 1302 703 ²in-

350 751 558 819 structiones
581 741 827 830 ³posteriorum
855 743 1077 819 elucubratis,
1110 741 1302 805 didicerim.

352 854 442 934 Quae
468 852 545 915 ideo
572 845 731 929 apposui,
751 864 821 907 non
843 851 883 908 ut
900 863 1017 908 earum
1035 843 1218 907 veritatem
1240 841 1302 904 de·

350 954 501 1028 fendam,
524 949 585 1014 sed
607 967 651 1010 ne
672 945 840 1009 lectorum
866 944 1048 1008 scientiam
1075 941 1298 1006 defraudem:

324 1037 327 1042 ¹
351 1075 393 1120 ac
407 1054 555 1137 primum
569 1048 612 1112 de
629 1045 813 1109 nativitate
830 1044 1056 1108 referendum.

403 1252 450 1298 DE
472 1248 569 1297 ORTU
594 1242 833 1302 ETHELSTANl,
854 1243 898 1288 ET
919 1244 966 1290 DE
987 1244 1081 1292 NEOE
1104 1241 1245 1290 EDWlNl

690 1343 845 1392 FRATRIS
869 1344 967 1390 EJUS.

190 1462 340 1554 gspgfflun
404 1457 515 1542 5139.
539 1456 626 1520 Erat
657 1454 695 1517 in
728 1451 878 1534 quadam
903 1451 989 1516 villa
1021 1451 1183 1534 opilionis
1217 1448 1303 1526 filia,

189 1565 244 1605 ⁸¹³⁹·
353 1557 505 1641 eleganti
520 1556 634 1638 specie
660 1553 788 1635 puella,
814 1571 905 1634 quae,
931 1552 1024 1634 quod
1048 1572 1117 1615 non
1134 1550 1302 1615 contulis-

207 1660 212 1669 '
353 1665 431 1723 sent
447 1656 595 1733 natales,
609 1655 728 1718 formae
739 1652 958 1715 mercabatur
969 1653 1094 1734 gratia.
1130 1650 1224 1713 Huic
1240 1669 1304 1732 per

198 1760 212 1798 l
353 1761 466 1824 visum
481 1762 694 1820 monstratur
715 1752 924 1836 prodigium,
946 1752 1064 1815 lunam
1078 1752 1120 1814 de
1137 1770 1200 1814 suo
1217 1769 1302 1814 ven-

354 1867 407 1924 tre
438 1856 631 1941 splendere,
665 1860 701 1918 et
733 1853 798 1916 hoc
828 1851 958 1914 lumine
992 1858 1101 1916 totam
1136 1849 1303 1932 Angliam

355 2085 469 2133 videntes
486 2097 603 2144 magnam
619 2096 696 2143 super
713 2095 759 2130 nos
769 2080 816 2129 mi·
843 2081 869 2128 in
881 2081 989 2130 Francia
1006 2097 1196 2143 commoramur,
1214 2087 1304 2130 utnon

355 2155 519 2204 sericordiam
529 2157 638 2202 vestram
649 2166 781 2213 apparere,
789 2152 816 2198 in
842 2152 920 2200 nostri
939 2153 1104 2202 obliviscatur
1119 2158 1210 2202 vestrae
1222 2152 1305 2201 felici·

355 2224 470 2286 psalmis,
484 2228 510 2272 et
520 2224 614 2284 missis,
625 2226 651 2271 et
661 2222 816 2271 orationibus
842 2222 901 2270 tatis
921 2223 1072 2285 largissimae
1091 2238 1183 2286 magna
1204 2224 1305 2271 miseri—

355 2295 458 2357 nostris,
475 2293 550 2355 quasi
567 2292 714 2353 pervolutus
725 2306 772 2354 ego
792 2296 817 2340 et
841 2292 955 2342 cordia.'’
966 2294 1033 2343 Haec
1040 2295 1155 2355 epistola.
1167 2294 1306 2354 Caeterum,

355 2364 490 2414 duodecim
508 2363 622 2412 canonici
640 2363 691 2411 mei
703 2363 817 2425 genubus
842 2376 888 2411 rex
906 2364 1027 2425 reliqruas
1038 2365 1107 2414 beati
1120 2365 1224 2413 Paterni
1235 2364 1305 2413 Mal-

356 2436 448 2485 nostris
477 2435 624 2494 fuissemus,
648 2433 817 2494 promittimus
842 2435 978 2496 mesbiriae,
996 2436 1149 2496 reliquorum
1161 2434 1304 2483 Mideltuue

357 2504 442 2554 Deum
450 2506 596 2554 clementem
604 2518 675 2552 orare
683 2518 728 2564 pro
736 2502 817 2552 vobis.
843 2506 1035 2566 commendavit,
1057 2521 1107 2566 quo
1134 2506 1183 2554 loci
1204 2519 1306 2553 monas-

358 2575 392 2624 Et
398 2575 472 2624 modo
478 2575 608 2636 reliquias,
615 2588 679 2634 quas
687 2573 758 2621 vobis
766 2587 818 2621 om·
843 2576 932 2623 terium
942 2576 1133 2624 afuudamentis
1143 2575 1305 2637 procuderet.

310 2689 317 2703 ,
358 2646 385 2694 ni
403 2651 502 2696 terrena
520 2645 640 2706 superbia
656 2643 817 2693 scimusesse
842 2646 914 2695 Tunc
936 2648 1012 2708 enim,
1041 2651 1070 2695 ut
1098 2648 1216 2707 superius
1240 2638 1307 2709 dixi,

357 2717 476 2777 cariores,
486 2715 627 2764 transmitto
637 2715 723 2774 vobis,
736 2713 763 2760 id
771 2718 819 2775 est,
843 2717 933 2777 piratis
966 2717 1168 2766 Normannorum
1206 2731 1305 2766 omnem

357 2800 417 2835 ossa
428 2786 508 2835 sancti
523 2785 660 2847 Senatoris,
675 2784 756 2832 sancti
768 2783 818 2831 Pa·
844 2802 912 2836 oram
924 2788 1015 2837 marini
1025 2788 1116 2848 litoris,
1134 2788 1209 2836 simul
1225 2790 1250 2835 et
1261 2803 1306 2836 ur-

358 2858 432 2918 temi,
454 2862 531 2918 atque
559 2855 640 2903 suncti
667 2853 819 2903 soubilionis
845 2857 889 2907 bes
916 2874 974 2919 quae
1003 2873 1080 2920 super
1109 2859 1219 2921 Ligerim
1246 2858 1304 2906 sitas

358 2927 472 2988 ejusdem
481 2925 584 2974 Paterni
596 2924 720 2987 magistri,
731 2925 775 2987 qui
786 2924 820 2972 si·
845 2934 911 2991 sunt,
922 2930 1108 2989 infestantibus,
1119 2943 1224 2989 corpora
1232 2942 1306 2977 sanc·

358 2997 452 3045 militer
470 3011 520 3045 uno
538 2994 579 3044 die
596 2995 735 3057 eademque
757 2992 820 3042 hora
843 3003 925 3047 torum
936 3000 968 3048 de
980 3000 1112 3048 Britannia
1123 2999 1228 3061 Minori,
1238 3004 1264 3048 et
1274 3013 1306 3047 ea

358 3066 573 3128 cumsupl'adlclo
582 3065 692 3113 Paterno
702 3064 821 3125 migravit
843 3073 916 3130 parte
938 3070 1032 3120 Galliae
1055 3085 1113 3130 quae
1142 3085 1209 3118 nunc
1238 3069 1306 3117 Nor.

359 3137 393 3185 ad
400 3135 538 3186 Christum.
567 3134 615 3182 Isti
622 3135 760 3183 certissime
768 3134 820 3182 duo
844 3141 945 3189 mannia
962 3145 1075 3201 vocatur,
1085 3140 1216 3202 translata,
1234 3143 1260 3188 et
1271 3139 1305 3188 ad

359 3207 440 3256 sancti
455 3222 513 3256 cum
529 3207 616 3254 sancto
629 3206 738 3253 Paterno
754 3204 820 3253 laeva
844 3211 937 3259 tutiora
947 3210 1004 3259 loca
1014 3211 1108 3271 delata,
1116 3209 1191 3259 facile
1200 3210 1306 3258 cuilibet

358 3274 820 3337 dextraquejacueruntinsepulchr03
844 3296 889 3341 pro
916 3282 1024 3342 penuria
1048 3281 1190 3341 bajulorum
1211 3295 1304 3328 venum

360 3352 436 3407 atque
455 3347 555 3395 illorum
574 3345 736 3394 solennitates
755 3359 820 3393 nono
844 3352 972 3412 patebant,
989 3351 1129 3413 praesertim
1148 3350 1307 3413 Ethelstan0‚

359 3416 483 3466 kalendas
503 3415 631 3478 Octobris,
649 3416 716 3464 sicut
732 3420 758 3464 et
769 3415 820 3463 Pa·
844 3424 898 3483 regi
908 3422 1081 3483 opinatissimo
1089 3424 1115 3470 et
1122 3421 1211 3470 talium
1221 3436 1305 3470 rerum

361 3487 435 3547 terni,
457 3487 626 3535 celebrantur.
660 3486 753 3547 Igitur,
774 3500 820 3534 rex
844 3491 1070 3553 appetentissimo!

360 3557 477 3638 gimme’
495 3561 589 3638 sanctie
607 3556 731 3637 exaitlmr
741 3556 821 3604 (Μ’
880 3584 888 3615 ¹
901 3586 1031 3649 Sequentia
1041 3584 1257 3648 mugiscoatilenis
1262 3600 1307 3648 per

360 3641 415 3689 Μ’
435 3627 582 3688 gemmus
598 3625 743 3674 hammaim
760 3640 819 3686 Μ’
844 3657 1002 3706 successiones
1024 3661 1156 3721 temporum
1183 3655 1305 3719 detritis]

359 3713 408 3759 vae,
430 3698 502 3760 regni
521 3696 559 3745 tui
580 3697 722 3758 specumm’
743 3696 820 3744 wius
845 3727 1019 3788 Malmesbury
1030 3727 1173 3788 frequently
1184 3726 1262 3775 refers
1280 3732 1307 3774 to

359 3768 479 3816 b⁰¹¹it³ti⁸
509 3767 662 3847 ⁰¹emplup’
683 3766 821 3828 di⁵⁸ip²t⁰r
844 3797 973 3846 historical
991 3798 1091 3846 bsllads
1108 3812 1137 3846 as
1156 3797 1198 3846 the
1216 3811 1305 3845 source

359 3837 479 3900 hostium,
489 3842 562 3898 pater
578 3837 735 3898 clericorum,
745 3837 820 3899 adJ'u-

359 3913 399 3957 tor
427 3908 564 3970 egentium,
592 3911 688 3954 amator
709 3907 819 3955 omnium
844 3867 1099 3972 thffimsmiatwn'

359 3983 512 4038 sanctorum,
523 3978 650 4025 invocator
664 3977 820 4039 angelorum,
879 3959 1098 4044 Ummidii&
1130 3960 1163 4009 Ᾰ·
1182 3962 1212 4009 ⁰·
1225 3961 1259 4010 D·
1272 3962 1305 4011 Ε·

359 4049 525 4109 deprecamur
542 4051 618 4107 atque
637 4047 764 4094 humiliter
782 4047 820 4095 in·
844 4033 891 4092 L.;
910 4032 1128 4093 issfllllul¹⁰1¹0⁸›S·

359 4133 490 4180 vocamus,
506 4118 552 4179 qui
569 4116 595 4164 in
607 4118 711 4165 exulatu
724 4119 751 4165 et
760 4132 819 4178 cap·
880 4115 891 4144 ³
902 4113 1090 4186 Parteniorum]
1103 4119 1132 4168 S.
1140 4120 1172 4169 Ε.
1179 4118 1209 4167 L.
1221 4134 1228 4178 3
1247 4132 1308 4178 pos-

359 4189 456 4238 tivitate
468 4189 560 4237 nostris
570 4187 665 4235 meritis
673 4191 699 4236 et
708 4188 820 4248 peccatis
844 4192 963 4250 tororum,
975 4189 1008 4238 A.
1022 4190 1052 4239 C.
1065 4190 1100 4238 D.
1110 4190 1148 4238 M.
