2858 4890
321 385 364 450 12
545 401 660 449 cnara
684 401 811 448 aucun
836 399 1048 447 anononuu.
1145 383 1230 466 [nis.
1248 396 1269 443 1.

157 587 256 637 nangae
358 557 418 642 §7.
444 557 585 622 Interea
599 558 807 640 Hengistus,
822 577 891 621 non
911 555 1024 619 minus
1039 573 1119 618 acer
1130 551 1271 634 ingenio

156 641 299 732 ἕξῗὲοῗῇ,
320 677 424 739 quam
440 657 555 722 alacer
577 659 613 720 in
636 658 768 740 praelio,
787 657 921 738 aliquos
944 676 992 719 ex
1011 655 1084 718 suis
1099 652 1187 740 (non
1209 652 1271 715 ab·

156 744 307 790 mmm·
320 765 448 821 nuente
463 755 561 842 rege)
577 759 725 840 patriam
748 756 904 833 remittit,
919 756 979 838 qui
994 755 1085 836 regis
1100 762 1137 817 ct
1150 751 1272 834 populi

319 856 491 934 inertiam,
525 857 648 920 insulae
686 856 899 939 opulentiam
927 861 1118 936 exponant,
1153 851 1272 933 ampla

156 983 307 1024 neaeman
319 957 437 1020 venire
451 957 645 1021 volentibus
665 957 808 1038 praemia
828 960 1036 1040 proponant.
1088 952 1147 1016 Illi
1171 970 1271 1015 man·

156 1035 269 1134 dibiad?
276 1085 301 1124 or
319 1049 585 1138 data¹gnaviter
593 1064 824 1138 exequuntur,
832 1055 997 1136 brevique
1005 1073 1083 1116 cum
1094 1050 1271 1116 sexdecim

156 1135 262 1185 Hm
319 1154 465 1220 navibus
481 1163 713 1233 revertuntur,
734 1156 942 1221 adducentes
953 1147 1076 1216 2filiam
1091 1151 1271 1233 Hengisti,

318 1255 499 1337 virginem,
519 1263 558 1320 ut
579 1257 786 1339 accepimus,
800 1274 879 1338 quae
893 1260 988 1317 essct
1002 1260 1038 1317 et
1052 1260 1185 1316 naturae
1205 1250 1270 1314 mi·

319 1354 473 1419 raculum
482 1364 518 1420 et
526 1356 677 1421 virorum
693 1354 940 1438 spectaculum.
974 1352 1157 1434 Regressis
1168 1351 1271 1414 ador·

319 1461 422 1518 natur
444 1456 663 1520 convivium:
682 1455 783 1539 jubet
809 1453 1004 1535 Hengistus
1034 1452 1141 1515 filiam
1169 1450 1270 1532 fungi

318 1553 492 1635 pincernae
516 1575 668 1633 munere,
699 1562 738 1618 ut
768 1555 859 1636 regis
888 1553 1121 1617 accumbentis
1150 1550 1270 1615 oculos

319 1661 487 1735 pasceret.
541 1654 617 1719 Nec
646 1654 681 1718 id
709 1654 839 1717 frustra
867 1653 946 1717 fuit.
998 1651 1091 1715 Nam
1119 1649 1178 1714 ille
1211 1648 1271 1736 (ut

318 1771 454 1835 semper
467 1754 504 1816 in
518 1753 736 1818 foeminarum
761 1754 919 1817 decorem
941 1745 1181 1834 adhinniebat)
1196 1756 1270 1813 sta·

319 1852 381 1915 tim
405 1860 441 1917 et
462 1853 583 1918 formae
605 1855 720 1935 gratia
741 1861 778 1917 et
798 1860 958 1934 gestuum
984 1850 1159 1932 elegantia
1186 1869 1269 1912 sau-

319 1950 431 2014 ciatus
453 1953 617 2029 animum,
630 1952 785 2034 potiendi
799 1951 915 2034 puella
925 1970 1022 2034 spem
1044 1950 1190 2026 imbibit,
1205 1968 1270 2013 nec

320 2050 455 2116 distulit
487 2053 571 2135 quin
602 2053 741 2135 nuptias
771 2059 904 2135 peteret
933 2058 1068 2134 patrem
1094 2050 1271 2114 volentem

319 2169 465 2231 cogens:
503 2152 577 2235 ipse
602 2153 694 2216 enim
718 2160 797 2216 astu
822 2152 932 2235 primo
956 2169 1083 2231 negare
1106 2157 1178 2213 tam
1204 2147 1270 2212 bu-

158 2276 204 2314 na
221 2275 296 2336 aare.
320 2250 418 2313 miles
432 2252 571 2333 nuptias
587 2272 668 2334 rege
683 2252 846 2333 indignas
857 2250 1021 2332 allegans.
1074 2249 1270 2326 Postremo,

159 2326 303 2426 dietih:
321 2350 420 2431 quasi
434 2359 613 2432 gravatus,
626 2352 663 2414 in
675 2352 882 2415 sententiam
897 2349 1046 2426 transiit,
1055 2357 1165 2414 totam
1176 2347 1270 2412 Can·

321 2450 405 2532 tiam
420 2460 483 2532 pro
498 2471 638 2514 munere
660 2451 844 2534 accipiens,
861 2451 920 2514 ubi
927 2449 1131 2534 jamdudum
1157 2449 1270 2512 omnis

317 2547 456 2631 justitia
488 2552 553 2613 sub
574 2550 753 2634 cujusdam
782 2544 945 2632 ³gorongi
970 2550 1152 2613 laborabat
1179 2548 1270 2630 regi-

320 2649 424 2726 mine,
441 2650 500 2731 qui
512 2660 629 2715 tamen
643 2650 733 2714 sicut
745 2669 863 2715 omnes
877 2649 988 2730 reguli
998 2650 1121 2713 insulae
1135 2646 1272 2713 Worti-

321 2748 419 2830 gerni
433 2750 740 2814 substernebantur
752 2749 980 2814 monarchiae:
1005 2769 1067 2812 nec
1086 2756 1272 2813 contentus

321 2846 387 2912 hac
411 2848 616 2915 liberalitate
639 2851 818 2927 barbarus,
839 2848 900 2913 sed
923 2850 1070 2912 abutens
1092 2848 1184 2929 regis
1206 2849 1271 2911 im-

320 2948 517 3030 pnrdentia,
536 2951 722 3033 persuadet
741 2951 794 3014 uti
808 2968 831 3012 a
849 2948 1037 3013 Germania
1051 2940 1213 3012 4fratrem
1235 2953 1273 3012 et

322 3047 430 3111 tilium
449 3050 587 3114 virtutis
610 3052 703 3114 viros
724 3057 858 3126 evocet,
877 3067 983 3114 scena
1004 3047 1209 3130 composita,
1231 3054 1273 3111 ut

322 3148 404 3229 quia
425 3147 498 3230 ipse
516 3150 559 3212 ab
584 3151 715 3214 oriente
738 3148 948 3232 provinciam
968 3148 1204 3226 defensitaret,
1219 3146 1272 3211 illi

323 3264 460 3329 quoque
481 3248 526 3310 ab
542 3249 703 3331 aquilone
724 3248 862 3313 Scottos
884 3248 1092 3312 fraenarent:
1116 3249 1168 3312 ita
1189 3267 1271 3328 rege

322 3347 526 3410 connivente
553 3348 620 3430 ipsi
641 3346 954 3434 (circumnavigata
976 3344 1177 3431 Britannia)
1204 3345 1273 3410 Or·

358 3567 683 3634 lenaviarexequantur]
700 3570 734 3620 Δ.
748 3571 783 3620 D.
809 3570 972 3631 Romwennu,
988 3571 1035 3619 but
1052 3571 1078 3618 in
1097 3570 1139 3619 the
1158 3575 1212 3620 text
1229 3571 1273 3621 the

322 3640 357 3690 Ε.
368 3640 399 3689 L.
413 3640 451 3688 Μ.
461 3656 468 3700 ;
485 3642 600 3702 gnaviter
614 3642 726 3703 executi,
738 3640 783 3702 S.;
808 3654 880 3689 name
891 3640 914 3688 is
924 3639 1037 3689 omitted.

323 3710 473 3771 generaliter
483 3711 592 3772 executi,
605 3712 635 3760 C.
843 3706 996 3772 'Goroagi.]
1004 3709 1066 3757 This
1073 3710 1145 3758 word
1153 3710 1199 3758 has
1206 3711 1271 3759 been

357 3776 480 3828 'Filiam
495 3780 638 3843 Heagisti]
664 3779 784 3840 Geoffrey
808 3779 951 3841 frequently
964 3779 1090 3828 mistaken
1103 3779 1168 3827 sora
1179 3794 1272 3841 proper

322 3849 352 3898 oi
367 3850 516 3898 Moumouth
532 3850 555 3899 ia
573 3851 615 3898 the
634 3851 687 3898 tirst
698 3849 784 3898 writer
807 3864 888 3898 name.
913 3849 1025 3898 Camden
1036 3849 1130 3897 defines
1141 3850 1272 3911 itaGuo·

322 3919 380 3968 who
392 3921 463 3982 gives
473 3920 515 3968 the
524 3934 596 3969 name
607 3920 637 3968 oi
645 3920 783 3981 Hengest's
806 3933 920 3980 mag—a
929 3920 1038 3979 riceroy,
1044 3933 1072 3966 or
1078 3919 1130 3968 free
1138 3933 1205 3969 man.
1222 3921 1271 3969 See

321 3990 460 4051 daughter:
479 3990 511 4038 he
521 3989 584 4037 calle
601 3990 647 4038 ber
660 3992 783 4052 Ronwen,
808 3987 897 4039 Oamd.
914 3990 978 4038 Brit.
996 3991 1043 4038 col.
1058 3993 1115 4050 18⁷,
1133 3989 1194 4039 edit.
1206 3990 1271 4039 Gib-

321 4073 338 4106 a
364 4073 437 4108 name
454 4060 489 4118 by
507 4073 540 4107 no
562 4072 648 4108 means
669 4073 782 4108 common
806 4059 1045 4119 son,Iond.1695.

320 4143 412 4190 among
423 4128 465 4176 the
476 4128 677 4191 Anglosaxona.
694 4128 725 4176 In
733 4127 783 4178 Ca·
843 4127 852 4155 ⁴
863 4129 978 4177 Fratrem
988 4133 1013 4176 et
1016 4121 1125 4194 filiam]
1139 4127 1208 4176 Otha
1218 4130 1270 4178 aud

320 4199 402 4259 pitulo
414 4198 536 4248 Historiae
555 4196 781 4264 Nennii(xxxv1.)
807 4198 895 4247 Ebura
906 4213 973 4247 were
992 4198 1034 4247 the
1053 4211 1140 4247 names
1156 4198 1186 4247 of
1199 4199 1271 4248 Hen-

320 4267 362 4316 the
373 4268 499 4330 daughter
507 4269 536 4318 oi
543 4269 658 4331 Hengest
669 4269 779 4318 iacalled
806 4269 883 4328 gert’s
894 4268 994 4318 brother
1004 4268 1055 4317 and
1065 4281 1119 4317 aon.
