2858 4890
367 373 432 439 330
591 387 705 436 casm
729 387 856 436 aucun
880 387 1094 436 rucconuu.
1176 372 1265 453 [mn.
1281 387 1323 434 11.

369 552 497 610 nosset.
552 545 645 610 Nam
667 545 750 610 dum
773 544 925 629 quadam
939 546 1015 610 vice
1029 551 1194 609 venatum
1222 545 1321 620 isset,

369 653 405 710 et
429 647 578 728 agrestis
595 647 736 729 quidam
759 646 936 709 stabulata
958 645 1019 709 illa
1041 646 1167 728 quibus
1187 645 1225 708 in
1242 664 1321 708 cas·

369 765 425 810 ses
452 747 545 810 cervi
576 754 745 827 urgentur
771 745 996 822 confudisset,
1023 745 1082 809 ille
1115 763 1180 808 sua
1210 745 1320 809 nobili

369 847 522 929 percitus
551 847 616 922 ira,
650 846 743 908 ‘Per
767 845 905 923 Deum,'
934 845 1059 928 inquit,
1090 850 1147 909 ‘et
1171 852 1320 908 matrem

369 947 458 1030 ejuS,
483 946 686 1009 tantundem
711 945 774 1009 tibi
796 946 928 1009 nocebo
955 947 985 1008 si
1011 943 1157 1027 potero.'
1207 945 1320 1026 Egre-
1380 984 1383 989 -

369 1047 448 1127 gius
465 1046 613 1122 animuS,
631 1046 691 1128 qui
711 1064 749 1108 se
773 1065 890 1127 regem
907 1045 944 1108 in
961 1044 1088 1108 talibus
1112 1064 1182 1108 non
1198 1045 1320 1108 memi-

369 1145 490 1222 nisset,
516 1165 580 1208 neo
602 1145 747 1229 abjectae
772 1145 980 1209 conditionis
1005 1144 1135 1208 homini
1155 1162 1193 1207 se
1215 1164 1320 1226 posse

369 1264 493 1308 nocere
508 1251 657 1326 putaret.
711 1244 798 1308 Erat
818 1245 953 1309 interea
974 1242 1050 1327 ejus
1068 1243 1161 1326 apud
1182 1244 1320 1307 domes-

370 1344 458 1407 ticos
482 1344 676 1414 reverentia
701 1344 898 1422 vehemens,
925 1343 1017 1427 apud
1045 1350 1185 1407 exteros
1204 1349 1320 1406 metus

370 1444 525 1525 ingens;
562 1444 704 1509 fovebat
743 1444 899 1527 profecto
942 1443 1018 1527 ejus
1060 1442 1320 1526 simplicitatem

372 1543 482 1621 DeuS,
502 1551 542 1607 ut
561 1552 680 1626 posset
697 1545 810 1608 timeri
825 1544 886 1626 qui
902 1544 1051 1606 nesciret
1070 1543 1185 1606 irasci.
1238 1541 1319 1620 Sed,

371 1644 530 1725 quamvis
549 1636 622 1707 ¹vel
637 1645 737 1707 deses
753 1643 809 1708 vel
832 1642 981 1726 simplex
1002 1649 1197 1725 putaretur,
1214 1641 1321 1706 habe·

370 1744 432 1806 bat
453 1744 596 1806 comites
615 1745 675 1825 qui
697 1763 776 1806 eum
800 1763 845 1806 ex
867 1742 988 1806 humili
1004 1743 1041 1805 in
1057 1741 1167 1806 altum
1188 1761 1318 1806 conan-

371 1849 441 1906 tem
471 1841 655 1924 erigerent.
715 1836 927 1906 ²Siwardum
966 1840 1319 1920 Nortbimbrensium,

371 1942 443 2024 qui,
463 1941 568 2025 jussu
595 1943 671 2026 ejus
701 1960 780 2004 cum
811 1940 993 2005 Scotorum
1021 1961 1101 2024 rege
1129 1941 1320 2005 Macbetha

369 2061 589 2123 congressus
616 2043 691 2106 vita
714 2061 890 2124 regnoque
912 2041 1099 2124 spoliavit;
1122 2041 1319 2124 ibidemque

370 2136 627 2218 ³Malcolmum,
645 2141 754 2204 filium
770 2143 862 2223 regis
879 2140 1119 2218 Cumbrorum,
1137 2160 1254 2222 regem
1265 2141 1319 2204 in-

369 2242 496 2304 stituit.
548 2241 722 2305 Lefricum
737 2241 1058 2318 Herefordensium,
1071 2241 1130 2323 qui
1143 2261 1222 2305 eum
1235 2260 1318 2305 con-

370 2348 425 2404 tra
452 2339 647 2405 simultates
663 2334 846 2406 4Godwini
864 2341 984 2406 favore
1010 2341 1196 2423 magnifico
1222 2347 1317 2404 tuta-

369 2441 484 2517 batur,
517 2441 609 2522 quod
639 2441 697 2505 ille
723 2441 850 2505 fidente
876 2442 1089 2505 conscientia
1117 2441 1319 2504 meritorum

369 2542 483 2603 minus
512 2560 628 2621 regem
650 2549 877 2605 revereretur.
929 2540 1109 2605 Leosricus
1132 2560 1211 2604 cum
1235 2561 1318 2604 con-

365 2640 452 2724 juge
469 2638 620 2717 Godiva,
636 2642 672 2703 in
689 2641 756 2705 Dei
778 2641 881 2704 rebus
896 2641 1092 2718 munitione,
1107 2641 1320 2704 monasteria

371 2740 482 2804 multa
519 2741 719 2821 constituit3
758 2740 987 2818 coventreiae,
1029 2748 1161 2804 sanctae
1193 2740 1320 2804 Mariae

371 2839 490 2918 Stoue,
515 2839 699 2918 Wenelok,
733 2841 924 2918 Leonense,
956 2848 992 2905 et
1022 2840 1191 2905 nonnulla
1222 2839 1319 2905 alia:

370 2941 505 3004 caeteris
527 2947 732 3004 ornamenta
747 2948 782 3004 et
792 2939 941 3022 praedia,
959 2939 1176 3006 Coventreiae
1192 2959 1320 3022 corpus

370 3059 471 3103 suum
487 3060 566 3104 cum
581 3040 734 3104 maximo
757 3048 930 3122 apparatu
952 3041 1027 3104 auri
1051 3048 1087 3104 et
1108 3039 1243 3122 argenti
1257 3039 1319 3102 de-

370 3140 513 3223 legavit.
559 3134 770 3204 ⁵Haroldum
778 3139 1080 3205 West-Saxonum
1096 3140 1205 3203 filium
1220 3137 1319 3203 God-

369 3241 463 3318 wini,
480 3241 540 3323 qui
562 3240 650 3304 duos
675 3240 801 3304 fratres
825 3260 924 3323 reges
941 3239 1173 3316 Walensium,
1195 3238 1262 3302 Ris
1285 3247 1322 3303 et

293 3351 296 3355 “
370 3339 566 3418 Griffinum,
591 3340 734 3404 solertia
761 3358 826 3403 sua
853 3342 889 3403 in
920 3347 1066 3405 mortem
1093 3340 1217 3422 egerit,
1245 3359 1320 3403 om-

405 3549 413 3583 ¹
430 3553 475 3601 Vel
485 3554 573 3617 deses]
590 3552 624 3604 A.
641 3555 670 3605 S.
684 3556 714 3606 C.
726 3556 762 3606 D.
780 3556 830 3618 L.;
892 3553 902 3585 ³
920 3553 1098 3616 Mobolmum.]
1125 3558 1246 3608 Malcolm
1266 3558 1321 3608 III.

369 3622 554 3674 omittedinE.
856 3627 904 3676 See
926 3632 984 3676 note
1005 3625 1025 3689 ⁵,
1049 3642 1076 3688 p.
1104 3631 1162 3693 ³03,
1183 3629 1235 3678 and
1257 3629 1321 3679 Sex.

404 3689 567 3742 ²Siwardum
579 3728 618 3744 ...
629 3693 764 3759 spoliauit]
776 3695 831 3744 'l'he
857 3696 951 3748 Chron.
962 3697 1031 3746 Ab.
1044 3700 1119 3747 1067.

370 3763 455 3812 Saxon
474 3762 608 3814 Chronicle
627 3769 706 3814 states
727 3766 831 3815 theton

369 3833 412 3882 the
434 3833 486 3894 day
504 3834 533 3882 of
552 3834 594 3883 the
616 3835 697 3883 Seven
715 3835 831 3898 Sleepers
891 3829 1053 3904 ⁴Godwiai.]
1071 3836 1326 3886 Foranaccountof

368 3902 442 3969 (arth
453 3901 540 3968 July),
548 3905 619 3954 Α.Ι).
631 3908 707 3966 1054,
719 3906 781 3954 Earl
791 3907 831 3955 si·
856 3906 989 3957 Godwin's
1000 3907 1132 3968 rebellion,
1143 3905 1189 3954 &a
1201 3921 1244 3956 see
1256 3908 1319 3959 Sax.

369 3974 442 4022 ward
458 3979 527 4022 went
548 3975 611 4023 with
634 3990 650 4023 a
670 3975 742 4037 large
759 3991 831 4037 army
856 3977 950 4026 Ghron.
962 3977 1033 4026 Ab.
1045 3981 1120 4041 1051,
1130 3979 1205 4027 1052.

369 4045 470 4104 against
486 4045 615 4107 scotland,
626 4045 686 4107 and,
702 4047 831 4108 engaging

369 4113 431 4160 with
442 4114 484 4162 the
496 4114 578 4179 Scots,
588 4114 620 4164 he
632 4119 679 4178 put
691 4116 829 4166 Macbeoth
891 4113 901 4142 ⁵
913 4115 1072 4181 lluroldum]
1083 4115 1245 4167 Asterwards
1256 4115 1322 4180 king

369 4183 486 4245 tolligbt.
855 4185 1020 4248 olEuglaud.
1105 4246 1108 4250 ι
