2858 4890
152 384 223 433 nra.
240 370 284 451 1.]
380 388 494 437 nnsrn
517 390 645 438 annun
670 390 883 440 naumann.
1061 377 1106 441 65

150 541 363 619 anhimbros,
385 562 426 606 eo
450 542 651 607 familiarius
674 564 743 626 quo
763 545 1002 628 propinquius,
1023 566 1104 629 pro-

149 641 320 723 spiciebat
353 642 519 706 intentio:
558 650 678 707 nostra
714 664 796 708 vero
832 645 977 710 lacinias
1010 645 1102 710 illius

150 747 272 824 carpet
293 748 330 805 et
352 750 534 824 componet
555 744 675 807 oratio.
730 743 786 807 Ne
809 746 886 826 quis
911 765 994 808 sane
1019 747 1103 810 mihi

148 840 237 904 vitio
259 847 385 918 vertat,
407 843 499 923 quod
523 850 594 906 tam
616 842 740 905 diffusa
761 844 798 906 in
817 855 950 908 arctum
964 852 1102 910 contra-

150 940 246 1003 hitur
273 940 429 1018 historia,
458 943 593 1006 noverit
619 942 750 1006 factum
784 944 940 1020 consilio,
976 951 1015 1008 ut
1042 946 1103 1027 qui

150 1041 397 1105 nauseaverint
425 1041 552 1104 inillis
575 1042 738 1119 obsoniis,
761 1042 797 1104 in
822 1043 876 1105 his
902 1044 1099 1108 mendican-

149 1146 204 1203 tes
219 1140 388 1223 respirent
400 1141 562 1222 reliquiis.
609 1140 674 1205 Est
686 1142 778 1204 enim
792 1144 934 1206 verbum
950 1137 1099 1222 ¹tritum,

148 1239 358 1321 antiquitate
384 1241 628 1317 venerandum,
657 1240 761 1304 ‘Cibi
783 1243 842 1323 qui
864 1243 978 1305 minus
1005 1243 1099 1307 suffi-

149 1337 259 1415 ciunt,
275 1338 409 1403 avidius
428 1340 633 1403 sumuntur.’
685 1339 897 1405 Ethclfridus
920 1343 1038 1424 igitur,
1061 1351 1101 1408 ut

148 1437 263 1502 dicere
288 1458 473 1521 coeperam,
500 1459 644 1521 regnum
672 1449 806 1517 nactus,
836 1442 947 1523 primo
975 1443 1101 1506 acriter

149 1557 214 1602 sua
238 1538 432 1615 defendere,
457 1549 538 1621 post
561 1540 665 1603 etiam
689 1540 842 1623 improbe
863 1540 976 1603 aliena
1000 1542 1098 1605 inva-

149 1637 243 1714 dere,
278 1637 398 1720 gloriae
433 1639 633 1702 occasiones
668 1639 895 1721 undecunque
936 1639 1097 1704 conflare.

151 1736 268 1801 Multa
289 1758 351 1820 per
374 1757 451 1800 cum
475 1738 596 1820 praelia
613 1738 777 1803 inchoata
797 1736 949 1821 provide,
966 1745 1002 1801 et
1016 1758 1098 1802 con·

149 1845 321 1902 summata
349 1838 498 1918 egregie,
526 1837 605 1900 dum
633 1857 697 1901 nec
721 1837 818 1900 illum
845 1857 867 1901 a
892 1839 1098 1903 necessitate

150 1936 314 2001 fraenaret
326 1937 461 2013 inertia,
478 1957 541 2001 uec
556 1936 600 2000 ad
615 1938 842 2001 temeritatem
864 1938 1098 2020 praecipitaret

149 2036 303 2101 audacia.
356 2036 472 2100 Testis
488 2043 542 2100 est
557 2037 678 2100 horum
700 2030 839 2118 ²Degsa
860 2036 962 2119 lapis,
977 2038 1013 2100 in
1028 2038 1098 2101 illis
1110 2061 1180 2102 aaa.
1201 2063 1225 2102 or

149 2137 347 2218 regionibus
374 2135 578 2218 percelebris
606 2135 714 2213 loona,
742 2136 779 2198 in
809 2156 877 2218 quo
905 2157 968 2200 rex
997 2112 1247 2213 scot-palma,

150 2243 264 2300 torum
280 2236 391 2313 Edan,
407 2236 478 2318 qui,
500 2237 713 2299 successibus
729 2235 911 2299 Ethelfridi
928 2236 1097 2315 inridens,

149 2336 400 2400 detractantem
414 2337 518 2399 etiam
531 2336 568 2399 in
583 2336 709 2399 bellum
723 2336 919 2417 impulerat,
934 2357 1003 2400 non
1023 2337 1098 2401 sine

150 2455 278 2518 magno
307 2436 447 2500 victoris
476 2435 670 2499 discrimine
700 2436 824 2511 victus,
851 2435 971 2516 fugam
1000 2436 1097 2516 iniit3

150 2536 319 2618 siquidem
342 2554 527 2617 germanus
549 2533 743 2610 Ethelfridi,
768 2533 971 2612 Tetbaldus,
994 2543 1099 2618 caput

151 2636 311 2718 periculis
326 2635 515 2718 objectam,
538 2653 579 2697 eo
598 2633 785 2698 studiosius
804 2653 873 2716 quo
894 2634 995 2698 fratri
1017 2655 1098 2718 ope·

150 2755 225 2799 ram
233 2743 408 2800 ostentare
419 2734 602 2799 affectabat
611 2734 811 2815 impensius,
822 2734 1016 2797 luctuosam
1027 2735 1099 2799 vic-

150 2836 275 2899 toriam
297 2834 448 2916 reliquit,
461 2853 539 2897 cnm
554 2835 710 2897 omuibus
734 2826 1099 2914 ³commanipularibus

151 2936 223 2998 suis
251 2934 476 2998 desideratus.
527 2933 643 2997 Testis
666 2940 701 2997 et
727 2924 938 3013 '‘Legionum
965 2933 1221 3010 civitatatum.

152 3054 231 3118 quae
253 3053 344 3098 nunc
366 3033 568 3115 simmiciter
582 3032 704 3097 Cestra
717 3038 873 3107 vocatur,
887 3051 1034 3112 quaeque
1057 3033 1101 3095 ad

151 3134 186 3198 id
213 3134 375 3216 temporis
399 3153 421 3197 a
443 3132 621 3196 Britannis
638 3150 809 3215 possessa,
832 3131 1044 3194 contumacis
1066 3131 1103 3196 in

186 3344 194 3375 ¹
208 3345 325 3408 Tritum]
343 3346 392 3406 Ε.;
408 3359 458 3395 usu
475 3345 570 3406 tritum,
580 3342 614 3392 Α.
673 3335 968 3408 leommnipnlnribns]
986 3340 1019 3389 A.
1030 3341 1059 3390 S.
1067 3341 1102 3393 D.

152 3417 181 3467 S.
196 3418 226 3465 C.
239 3416 273 3466 D.
285 3416 316 3464 L.
329 3415 368 3464 M.
639 3414 671 3462 E.
684 3414 715 3461 L.
727 3413 765 3461 M.
778 3429 784 3470 ;
801 3411 1011 3472 manipularibus,
1024 3412 1054 3460 C.

187 3483 198 3515 ²
209 3486 293 3547 Degsn
303 3479 390 3552 lupia]
408 3483 441 3533 A.
449 3484 478 3532 S.
488 3484 518 3532 C.
527 3484 560 3532 E.
568 3484 599 3532 L.
609 3499 615 3543 ;
674 3481 684 3512 ⁴
695 3483 829 3544 Legionum
839 3481 928 3530 civitas
939 3516 946 3529 .
959 3516 966 3530 .
980 3515 986 3530 .
1000 3482 1102 3530 ,Castra

152 3557 238 3618 Degla
256 3556 332 3616 lapis,
343 3555 378 3604 D.
391 3551 518 3602 M.—The
537 3554 616 3602 battle
638 3554 756 3617 vocatur]
789 3552 843 3600 The
866 3550 962 3599 British
982 3566 1055 3599 name
1077 3549 1107 3598 of

152 3626 182 3675 of
189 3623 351 3688 Daegsastin
361 3638 416 3671 was
427 3622 516 3684 fought
532 3624 557 3670 in
575 3622 616 3671 the
639 3621 690 3671 this
702 3623 752 3682 city
764 3635 819 3669 was
834 3621 977 3680 caer-leon,
989 3619 1031 3669 the
1044 3620 1103 3680 city

153 3710 215 3754 year
236 3699 294 3744 603.
333 3693 392 3760 (See
420 3693 481 3741 Sax.
504 3692 615 3753 Chron.;
640 3690 1005 3754 ot'Legions,lromaRoman
1018 3690 1103 3750 legion

154 3765 235 3826 Beda,
251 3766 296 3815 lib.
320 3777 338 3812 1.
359 3779 382 3812 c.
407 3766 453 3821 al;
477 3762 527 3810 and
549 3763 616 3810 Flor.
641 3763 717 3824 being
743 3762 840 3820 always
872 3758 997 3806 stationed
1024 3759 1103 3807 there.

154 3831 280 3897 wigorn.)
315 3833 369 3881 The
385 3832 488 3880 modern
504 3830 621 3880 nameus
643 3831 715 3880 Beda
737 3829 793 3896 (lib.
818 3841 848 3876 11.
872 3842 895 3875 c.
913 3831 938 3887 2,
957 3827 971 3889 ς
990 3824 1034 3890 94)
1057 3827 1104 3875 has

155 3905 205 3954 this
216 3905 288 3965 place
300 3903 322 3951 is
334 3907 377 3952 not
388 3903 495 3951 known:
507 3903 541 3962 by
550 3916 618 3950 some
642 3900 712 3950 these
728 3899 829 3948 words:
852 3904 860 3925 ⁸
873 3897 1007 3945 Civitatem
1030 3897 1105 3957 Legi·

155 3975 208 4023 itis
221 3971 620 4035 supposedtobeDnlston,near
642 3985 727 4031 onum,
749 3983 807 4029 qnae
830 3981 846 4014 a
869 3970 942 4027 gente
964 3967 1104 4028 Anglorum

155 4043 319 4103 Oarlisle3by
327 4043 411 4090 others
419 4043 552 4105 Dawston,
559 4057 620 4090 near
644 4039 814 4102 Legacaestir,
825 4052 841 4085 a
857 4036 1004 4086 Britnnibus
1021 4039 1105 4084 autem

155 4113 328 4176 Jedborough.
643 4111 736 4158 rectius
748 4107 882 4168 carlegion
892 4105 1054 4167 appellatur.’

938 4198 957 4249 F
