2858 4890
130 380 273 462 mnia]
347 396 461 445 essm
488 395 616 445 aucun
639 396 852 447 suetonum.
1015 384 1081 448 349

130 561 287 619 oraretur
311 555 356 617 ab
377 554 539 637 episcopo
566 554 632 618 nisi
658 553 754 638 prius
777 574 798 619 a
822 557 904 638 rege
931 555 1079 638 insigni-

131 661 227 718 retur
248 662 284 719 et
306 656 435 718 annulo
458 663 494 720 et
516 654 665 719 baculo:
694 663 828 732 contra,
854 656 1017 721 laudatur
1042 658 1079 720 in

129 753 240 818 nostri
267 755 387 818 saeculi
414 755 633 836 pontificibus
658 754 752 837 quod
781 754 846 818 has
874 756 1079 821 donationes

130 853 283 917 tulerunt
299 853 524 936 principibus.
570 853 717 919 Poterat
731 862 813 919 tunc
827 855 1081 941 rationabiliter

129 953 283 1031 concedi,
302 953 394 1036 quod
420 973 513 1017 nunc
527 947 801 1019 ¹rationabiliter
817 955 920 1019 debet
939 956 1078 1021 auferri.

129 1051 201 1116 Cur
227 1054 304 1117 ital
366 1052 460 1132 Quia
487 1061 562 1118 erat
593 1055 729 1118 animus
760 1054 883 1137 Magni
912 1056 1078 1120 adversus

129 1153 311 1227 avaritiam
333 1153 495 1231 invictus,
518 1173 581 1217 nec
607 1155 709 1218 facile
734 1155 922 1220 invenisset
947 1156 1078 1220 aditum

128 1252 252 1335 aliquis
278 1253 344 1316 nisi
364 1253 528 1317 intrasset
554 1273 615 1336 per
637 1255 784 1336 ostium3
812 1262 991 1337 praeterea,
1016 1276 1079 1338 per

126 1357 179 1415 tot
203 1358 372 1430 terrarum
404 1353 596 1418 interstitia
623 1355 788 1438 nequibat
817 1355 945 1438 requiri
978 1355 1077 1421 sedes

126 1451 317 1532 apostolica
347 1460 388 1516 ut
414 1454 602 1535 unicnique
633 1454 742 1519 electo
772 1474 951 1519 assensum
982 1475 1075 1519 coma

125 1551 302 1616 mendaret
324 1571 437 1631 suum,
459 1553 541 1616 dum
563 1562 655 1618 esset
681 1574 788 1637 prope
814 1575 877 1618 rex
899 1555 959 1637 qni
988 1554 1075 1619 nihil

125 1670 187 1733 per
218 1652 401 1717 avaritiam
425 1653 635 1736 disponeret,
664 1653 723 1718 sed
752 1654 859 1739 juxta
888 1674 987 1719 sacra
1015 1674 1075 1719 ca*

126 1770 253 1815 nonum
277 1752 366 1816 scita
389 1753 569 1834 religiosas
593 1772 762 1836 personas
786 1753 939 1817 ecclesiis
963 1754 1073 1819 intro·

125 1849 274 1917 duceret.
327 1852 431 1917 Nunc
458 1851 573 1918 omnia
601 1854 744 1934 palatia
759 1872 879 1935 regum
908 1853 1013 1916 luxus
1036 1863 1072 1920 et

124 1953 273 2015 ambitus
290 1952 473 2035 occupavit
490 1973 499 2032 ;
526 1971 632 2035 quare
654 1954 776 2019 merito
797 1953 992 2017 libertatem
1011 1973 1072 2019 su·

124 2068 180 2114 am
204 2071 334 2133 sponsa
359 2051 488 2116 Christi
510 2060 700 2130 asseverat,
714 2073 758 2117 ne
780 2053 876 2117 illam
899 2060 1069 2136 tyrannus

124 2151 306 2217 ambitioso
322 2153 525 2234 usurpatori
547 2152 747 2235 prostituat.
799 2152 858 2216 Ita
881 2153 916 2215 in
938 2161 1071 2218 utram·

122 2251 177 2314 vis
202 2259 336 2334 partem
359 2259 475 2334 potest
496 2271 601 2316 causa
624 2272 701 2316 mea
725 2253 888 2317 infirmari
906 2252 962 2316 vel
986 2253 1070 2317 alle·

123 2353 210 2435 gari.
264 2350 346 2416 Non
369 2358 424 2416 est
448 2350 601 2434 episcopi
627 2351 775 2416 officium
798 2359 837 2416 ut
863 2352 937 2435 ipse
956 2346 1071 2417 ²com·

123 2452 214 2518 mitti
231 2451 355 2536 jubeat
377 2451 555 2534 praelium;
580 2459 754 2529 caeterum,
772 2460 908 2534 spectat
924 2453 968 2517 ad
993 2473 1069 2517 mu-

122 2572 188 2617 nus
202 2551 354 2634 episcopi
369 2560 420 2629 ut,
435 2551 465 2615 si
476 2551 593 2615 videat
609 2551 809 2635 naufragari
822 2551 1069 2630 innocentiam,

123 2662 158 2719 et
184 2671 288 2716 manu
316 2658 351 2716 et
377 2651 497 2734 lingua
528 2658 699 2715 occurrat.
751 2651 955 2716 Sacerdotes
982 2652 1068 2716 Eze-

124 2751 211 2817 chiel
235 2758 375 2816 accusat
389 2752 482 2833 quod
505 2771 574 2816 non
592 2751 752 2831 steterint
769 2771 813 2815 ex
832 2751 991 2827 adverso,
1005 2770 1069 2837 nec

124 2844 378 2934 ³opposuerunt
402 2851 562 2934 clypeum
591 2870 652 2933 pro
677 2850 779 2915 domo
810 2851 921 2914 Israel
948 2850 985 2914 in
1014 2850 1069 2915 die

123 2949 278 3016 Domini.
330 2951 421 3015 Duae
443 2957 525 3015 sunt
546 2949 678 3015 scilicet
693 2969 849 3032 personae
866 2951 902 3013 in
923 2949 1071 3014 ecclesia

123 3051 192 3115 Dei
223 3051 267 3114 ad
297 3051 486 3114 resecanda
512 3051 599 3115 vitia
631 3050 852 3114 constitutae:
890 3068 960 3113 una
990 3069 1069 3132 quae

124 3158 273 3216 exacuat
304 3150 491 3234 eloquium,
522 3150 633 3213 altera
654 3168 732 3231 quae
761 3155 876 3230 portet
902 3148 1068 3230 gladium.
1121 3194 1124 3201 ·

123 3252 212 3334 Ego,
223 3258 263 3315 ut
278 3270 341 3314 vos
355 3250 438 3314 mihi
453 3256 559 3314 testes
582 3268 657 3312 esse
674 3248 831 3330 potestiS,
847 3267 917 3311 non
931 3248 1070 3330 neglexi

122 3371 217 3415 meas
233 3358 369 3434 partes:
385 3349 499 3434 quoad
514 3348 651 3430 speravi
665 3347 842 3430 proficere,
856 3349 988 3413 armavi
1003 3348 1069 3411 lin·

123 3471 248 3532 guam3
284 3450 382 3513 illum
413 3448 512 3533 cujus
541 3449 684 3512 interest
710 3467 783 3511 rem
809 3467 911 3529 agere
942 3447 1070 3529 gladio,

122 3551 302 3614 certiorem
326 3549 392 3614 feci
419 3549 566 3627 nuncio;
596 3554 801 3630 occupatum
829 3567 869 3610 se
892 3546 1071 3630 rescripsit

122 3650 213 3715 bello
240 3649 523 3726 Windelicorum,
554 3666 681 3729 rogans
714 3654 754 3710 ut
782 3647 867 3710 meis
894 3647 1071 3711 laboribus

123 3751 196 3814 suis
221 3750 383 3832 expensis
412 3769 481 3813 non
505 3767 669 3832 gravarer
693 3747 876 3811 deturbare
897 3746 1071 3811 latronum

158 3984 402 4047 ¹Rutiouubilitcr.]
429 3985 459 4034 G.
479 3983 513 4032 D.
534 3983 582 4042 E.;
607 3980 746 4029 committat
767 3980 808 4028 vel
831 3979 951 4041 conunitti
968 3981 1069 4042 jubeat,

122 4056 295 4117 laudabiliter,
305 4053 340 4104 A.
352 4053 380 4104 S.
393 4054 424 4103 L.
607 4049 640 4100 Α.
654 4050 683 4100 S.
695 4050 726 4099 L.

644 4117 857 4183 ’opposueruatd
876 4116 905 4167 S.
924 4119 974 4179 1..;
991 4133 1071 4181 appo·

159 4193 472 4256 ’Committijubeut.]·>0.
485 4192 520 4242 D.
531 4193 564 4241 E.
575 4207 582 4250 ;
608 4195 724 4253 suerunt,
735 4188 769 4241 A.
783 4191 812 4239 G.
825 4189 860 4237 D.
873 4188 905 4237 E.
