2858 4890
558 371 730 420 EPISTOLA
753 334 943 421 lucrosis.

279 526 344 590 sim
368 547 431 610 per
444 528 581 593 labores
604 537 741 593 nostros
762 529 855 592 omni
879 547 955 592 aevo
978 526 1226 591 inclarescatis.

281 625 375 691 Hinc
407 637 461 692 est
491 629 583 713 quod
607 628 718 693 Gesta
745 629 882 709 Regum
908 626 1116 710 Anglorum,
1147 646 1228 710 quae

279 746 390 810 nuper
406 728 510 806 edidi,
527 729 625 794 vobis
646 729 863 812 potissimum
882 722 1134 793 ¹consecranda
1151 747 1228 792 cre·

279 826 361 905 didi,
376 828 511 894 domine
536 828 673 908 Comes,
689 826 896 895 venerabilis
920 836 955 893 et
980 828 1103 893 merito
1130 847 1228 892 ama·

278 926 368 992 bilis.
420 928 565 994 Nullum
592 930 684 997 enim
712 929 824 1012 magis
851 928 950 994 decet
978 930 1146 994 bonarum
1173 948 1230 993 ar-

278 1027 364 1091 tium
386 1028 557 1096 fautorem
579 1049 655 1095 esse
678 1049 782 1113 quam
808 1036 856 1108 te,
878 1029 934 1094 cui
958 1029 1106 1094 adhaesit
1127 1047 1227 1112 mag-

277 1129 464 1195 nanimitas
478 1131 547 1210 avi,
563 1131 798 1195 munificentia
813 1131 943 1212 patrui,
956 1129 1142 1214 prudentia
1163 1149 1227 1213 pa-

277 1227 360 1309 tris3
387 1250 476 1313 quos
492 1250 569 1296 curn
585 1231 729 1295 aemulus
743 1230 923 1299 industriae
936 1231 1156 1295 lineamentis
1171 1250 1225 1294 re-

277 1338 478 1410 praesentes,
493 1331 578 1395 illud
600 1331 774 1414 peculiare
795 1331 916 1413 gloriae
938 1339 1009 1395 tnae
1031 1330 1116 1395 facis
1131 1330 1225 1413 quod

223 1440 229 1447 '
277 1427 386 1493 literis
416 1431 560 1496 insistis.
623 1430 717 1511 Quid
743 1431 837 1513 quod
867 1431 973 1495 etiam
1003 1431 1129 1495 notitia
1163 1438 1226 1495 tua

277 1527 433 1611 dignaris
456 1531 626 1609 literatos
646 1551 734 1614 quos
751 1531 806 1595 vel
827 1531 959 1596 invidia
980 1529 1082 1595 lamae
1097 1531 1153 1596 vel
1171 1538 1225 1595 te-

277 1631 393 1694 nuitas
415 1631 565 1696 fortunae
588 1631 671 1696 fecit
698 1633 874 1697 obscuros.
926 1630 1021 1711 Quia
1045 1631 1136 1695 enim
1159 1650 1224 1695 na-

276 1736 356 1795 tura
376 1731 534 1815 indulget
557 1732 634 1810 sibi,
658 1732 750 1815 quod
771 1731 848 1814 quis
871 1733 996 1814 probat
1021 1731 1058 1796 in
1082 1751 1120 1796 se
1145 1730 1224 1815 ipso
1272 1726 1276 1735 ’

275 1849 346 1894 uon
364 1832 537 1916 improbat
551 1833 588 1897 in
608 1833 731 1922 altero,
753 1839 1005 1896 consentaneos
1027 1832 1135 1914 igitur
1157 1833 1225 1897 sibi

275 1950 388 1996 mores
403 1934 628 2017 experiuntur
641 1933 677 1997 in
695 1933 730 1997 te
746 1932 888 2010 literati,
905 1950 993 2016 quos
1010 1933 1099 1999 citra
1119 1931 1224 1998 intel-

274 2030 402 2096 lectum
415 2033 520 2097 ullius
541 2034 739 2101 acrimouiae
753 2033 924 2115 benignus
947 2033 1086 2116 aspicis
1096 2032 1224 2117 jocun-

165 2166 168 2171 -
274 2130 340 2196 dus
368 2132 536 2212 admittis,
558 2128 707 2199 ²invitus
729 2133 886 2199 dimittis.
941 2132 1041 2198 Nihil
1062 2133 1167 2217 plane
1185 2133 1224 2199 in

275 2239 309 2296 te
330 2235 480 2300 mutavit
493 2234 642 2300 fortunae
668 2233 871 2318 amplitudo,
886 2231 954 2299 nisi
974 2240 1015 2299 ut
1036 2253 1125 2317 pene
1143 2240 1224 2299 tan·

273 2340 347 2397 tum
363 2335 563 2400 benefacere
579 2354 700 2419 posses
715 2341 884 2418 qnantum
901 2333 1020 2399 velles.
1077 2333 1224 2419 Suscipe
1262 2367 1265 2373 ·

274 2453 358 2516 ergo
375 2433 545 2522 (virorum
567 2433 774 2521 clarissime)
790 2454 890 2518 opus,
911 2433 949 2499 iu
970 2454 1040 2518 quo
1063 2438 1098 2498 te
1122 2436 1225 2518 qnasi

275 2554 320 2597 ex
337 2536 478 2618 speculo
493 2536 612 2601 videas
626 2557 635 2617 3
659 2536 742 2600 dum
757 2535 929 2617 intelliget
942 2543 1012 2600 tuae
1026 2535 1224 2601 serenitatis
1279 2543 1286 2561 ‘

274 2653 437 2700 assensus
457 2644 539 2701 ante
561 2644 597 2702 te
615 2655 827 2700 summorum
848 2655 1029 2718 procerum
1048 2635 1224 2701 imitatum

274 2734 368 2800 laeta
386 2755 489 2819 quam
512 2738 651 2802 audires
673 2736 826 2802 nomina.
879 2734 1137 2801 continentiam
1159 2757 1223 2802 au-

273 2841 343 2900 tem
361 2830 492 2920 ³0peris
514 2838 681 2923 prologus
706 2836 809 2921 primi
829 2836 909 2900 libri
933 2837 1097 2920 exponit3
1119 2858 1223 2921 quem

273 2937 304 3000 si
328 2937 498 3020 placuerit
524 2938 652 3022 legere,
681 2938 862 3003 materiam
887 2943 998 3002 totam
1021 2939 1152 3021 poteris
1179 2939 1222 3003 de

272 3038 475 3122 compendio
503 3040 678 3122 colligere.
725 3037 819 3103 Illud
852 3057 874 3102 a
903 3046 1022 3112 vestra
1054 3038 1224 3121 dignitate

272 3139 495 3222 impetratum
523 3141 640 3217 velim,
670 3146 711 3203 ut
742 3158 811 3203 non
842 3138 927 3202 mihi
953 3146 1111 3204 vertatur
1134 3141 1223 3205 vitio

272 3239 366 3320 quod
388 3259 482 3324 saepe
504 3259 567 3324 per
588 3259 771 3305 excessum
793 3239 881 3304 alias
904 3259 1008 3323 quarn
1023 3240 1059 3304 in
1076 3232 1223 3322 ⁴Ang1ia

272 3341 513 3422 peregrinatur
528 3341 706 3420 narrati03
728 3339 809 3406 volo
835 3339 925 3404 enim
946 3340 1012 3405 hoc
1035 3359 1122 3424 opus
1146 3360 1223 3405 esse

272 3440 459 3506 multarum
497 3439 718 3505 historiarum
749 3440 968 3519 breviarium,
1004 3442 1164 3524 quamvis
1201 3460 1223 3505 a

272 3541 395 3625 majori
409 3550 508 3625 parte
523 3540 718 3606 vocaverim
736 3540 848 3605 Gesta
865 3540 1004 3624 Regum
1013 3539 1221 3623 Anglorum.

307 3811 519 3879 maneamne]
548 3816 583 3866 D.
608 3816 655 3875 Ea
674 3830 731 3864 con·
795 3811 1225 3882 ³Operis.]D.E.;hujusoperis,

272 3886 401 3947 sectanda,
414 3887 444 3935 C.
760 3885 788 3935 S.
804 3887 834 3935 C.

306 3952 448 4019 Herm]
469 3955 504 4006 D.
526 3957 575 4015 E.;
592 3956 736 4017 munificus,
796 3953 932 4020 ungite]
951 3957 986 4007 D.
997 3957 1049 4017 E.;
1065 3961 1140 4021 gente
1161 3972 1222 4008 nos·

272 4025 317 4087 ἃς
335 4040 437 4089 munus,
450 4027 480 4077 C.
761 4030 810 4088 tra,
820 4026 849 4076 S.
864 4026 894 4076 C.
