2858 4890
141 393 285 473 urn.11.]
373 410 486 458 cusru
510 411 638 458 nucuu
661 411 876 461 succensu.
1027 397 1120 465 261.

142 587 259 650 supra.
313 569 473 652 Denique
487 569 619 643 incerto
633 570 766 635 haereas
778 569 860 654 quid
873 569 1091 653 potissimum

141 668 329 750 praedicare
351 670 450 747 velis,
478 689 524 733 an
549 671 787 734 assiduitatem
818 672 862 734 ad
889 671 955 734 Dei
979 672 1090 736 famu·

140 767 263 846 litium,
280 788 325 832 an
347 769 584 835 affabilitatem
600 770 643 833 ad
664 770 839 834 hominum
859 772 1088 854 colloquium;

140 869 232 932 unde
250 890 320 933 non
334 869 462 952 injuria
475 870 661 933 credulitas
684 871 873 953 apponitur
884 872 1090 950 dicentibus,

141 969 233 1049 quod
269 989 331 1052 per
359 970 498 1034 illarum
535 971 710 1034 orationes
750 977 844 1035 totus
875 979 1091 1036 sustentatur

139 1069 245 1147 orbis,
261 1071 320 1153 qui
329 1070 539 1153 Jampridem
552 1070 624 1134 suis
639 1070 781 1136 vacillat
796 1072 957 1154 peccatis.

406 1260 454 1306 DE
477 1259 572 1306 REGE
595 1260 823 1309 ETHELREDO.

190 1367 208 1451 §
223 1366 299 1431 164.
323 1360 445 1432 ¹Anno
461 1369 654 1434 Dominicae
668 1370 918 1434 incarnationis
934 1389 1088 1452 nongen·
1100 1391 1221 1483 gagaggi

139 1467 272 1540 tesimo¹
283 1469 540 1550 septuagesimo
555 1489 658 1548 nono,
677 1469 894 1549 Ethelredus,
911 1469 1002 1534 filius
1017 1470 1088 1534 Ed·
1122 1470 1127 1482 '
1151 1471 1156 1483 '
1206 1470 1211 1484 '

139 1568 216 1648 gari
237 1574 273 1631 et
289 1567 443 1645 Elfridae,
468 1588 613 1651 regnum
640 1570 797 1653 adeptus,
813 1570 949 1634 obsedit
972 1570 1089 1652 potius

136 1685 243 1747 quam
269 1668 362 1731 rexit
391 1667 492 1731 annis
524 1668 668 1750 triginta
696 1678 839 1752 septem.
891 1669 979 1754 Ejus
1006 1671 1089 1735 vitae

139 1785 259 1830 cursus
275 1786 390 1831 saevus
414 1768 450 1830 in
472 1768 653 1851 principio,
667 1770 771 1833 miser
783 1769 819 1832 in
838 1770 962 1847 medio,
976 1771 1088 1852 turpis

139 1867 176 1930 in
196 1867 294 1930 exitu
319 1868 510 1935 asseritur:
537 1869 588 1933 ita
611 1869 807 1951 parricidio,
822 1870 878 1932 cui
901 1871 1088 1934 conniven-

140 1967 224 2031 tiam
250 1967 465 2046 adhibuerat,
491 1969 673 2048 immanis;
706 1969 757 2033 ita
778 1968 863 2051 fuga
887 1977 922 2034 et
943 1968 1088 2035 mollitio

139 2066 289 2144 infamis
320 2068 371 2131 ita
396 2075 506 2132 morte
535 2069 739 2133 miserabilis
762 2067 839 2134 fuit.
903 2069 1087 2151 Ignauiam

140 2167 216 2250 ejus
246 2167 458 2257 praedixerat
484 2168 698 2246 Dunstanus,
721 2168 814 2232 soedo
842 2170 1002 2252 exemplo
1025 2170 1087 2233 ad·

139 2268 312 2332 monitus:
336 2287 417 2331 narn
440 2286 517 2332 cum
541 2269 697 2350 pusiolus
718 2269 755 2333 in
777 2268 907 2334 fontem
923 2269 1087 2351 baptismi

139 2375 362 2450 mergeretur,
377 2368 678 2433 circumstantibus
702 2370 886 2452 episcopie,
902 2363 992 2434 ²alvi
1006 2390 1086 2452 pro·

140 2468 246 2532 fluvio
260 2476 477 2533 sacramenta
489 2469 731 2551 interpolavit;
756 2488 826 2551 qua
843 2490 880 2533 re
893 2469 952 2533 ille
967 2472 1086 2534 turba-

139 2576 208 2647 tuS,
233 2564 324 2632 ‘'Per
343 2569 480 2646 Deum,'
500 2569 625 2651 inquit,
642 2575 698 2633 ‘et
715 2576 860 2633 matrem
879 2569 967 2652 ejus,
987 2571 1086 2652 igna-

139 2689 205 2733 vus
216 2668 318 2734 homo
331 2670 397 2734 erit
409 2669 429 2734 l‘
463 2668 547 2734 Vidi
559 2669 738 2752 seriptum,
751 2669 843 2752 quod
857 2688 947 2748 cum,
961 2669 1086 2734 decen-

138 2771 192 2833 nis
220 2790 317 2852 puer,
345 2768 487 2834 fratrem
515 2776 676 2833 necatum
703 2769 912 2834 conclamari
938 2769 1086 2848 audiret,

139 2870 223 2934 fletu
243 2890 306 2936 suo
328 2868 499 2933 furentem
520 2870 722 2951 genitricem
746 2869 833 2934 adeo
854 2870 1017 2947 irritavit,
1035 2876 1086 2948 ut,

138 2971 220 3053 quia
242 2969 417 3052 flagellum
438 2970 482 3033 ad
504 2989 645 3033 manum
661 2990 731 3034 non
754 2970 917 3046 habebat,
937 2970 1085 3051 arreptis

138 3069 292 3139 candelis
303 3068 522 3135 innocentem
537 3070 697 3147 caederet,
713 3089 776 3134 nec
792 3071 889 3152 prius
904 3069 1087 3133 desisteret

135 3190 242 3254 quam
267 3190 355 3252 pene
380 3171 575 3235 exanimem
600 3177 636 3233 et
657 3169 734 3252 ipsa
759 3168 945 3252 lachrymis
970 3167 1086 3232 infun-

137 3272 244 3334 deret.
296 3268 519 3353 Quapropter
549 3276 625 3334 tota
648 3270 722 3334 vita
751 3270 803 3334 ita
831 3269 995 3334 candelas
1023 3286 1086 3347 ex,-

137 3370 271 3435 horruit
292 3369 328 3433 in
350 3378 538 3453 posterum,
561 3376 601 3434 ut
623 3389 800 3452 nunquam
823 3376 904 3434 ante
928 3389 965 3433 se
987 3376 1087 3452 pate·

137 3478 232 3535 retur
262 3469 380 3534 inferri
409 3470 525 3534 lumen
556 3489 683 3534 earum.
752 3469 879 3534 Matris
910 3469 1088 3552 suffragio,

136 3571 334 3654 proceribus
354 3570 587 3653 congregatis,
610 3570 683 3633 dies
704 3568 798 3635 dicta
823 3577 863 3635 ut
882 3571 1089 3634 Dunstanus

173 3872 181 3903 ¹
193 3873 265 3923 Anno
276 3870 413 3921 Dominicoe
424 3867 600 3918 incarnationis
659 3864 741 3915 ²Alvi
748 3866 869 3930 mastusia
883 3869 1032 3913 mamete
1049 3864 1088 3912 in·

135 3943 316 4007 nongentesimo
330 3939 507 4004 septuagesimo
517 3938 599 4000 norm]
625 3936 776 4002 tapolcvit]
791 3937 816 3985 A
827 3935 925 3984 similar
935 3940 1005 3994 story
1016 3935 1038 3982 is
1049 3947 1089 3981 re·

137 4014 276 4065 Aethehed
294 4007 436 4062 succeeded
447 4010 488 4059 his
499 4009 601 4058 brother
624 4003 695 4056 lated
707 4005 736 4055 ol
743 4006 786 4054 the
798 4019 912 4066 emperor
923 4003 1088 4054 Constantine

138 4086 280 4144 A.1›.srs,
298 4083 349 4131 aud
359 4096 415 4130 was
435 4079 552 4130 crowned
568 4093 601 4127 on
625 4076 668 4126 the
687 4075 767 4138 Fifth,
777 4076 835 4124 who
853 4073 957 4124 derived
975 4073 1018 4122 the
1035 4087 1091 4122 sur·

137 4157 181 4206 the
193 4155 253 4204 ltth
264 4154 339 4215 April
351 4151 491 4214 following.
519 4148 600 4218 (Flor.
626 4162 699 4197 name
722 4147 751 4196 of
766 4146 942 4217 Copronymus
960 4143 1024 4195 from
1049 4143 1090 4192 his

138 4221 267 4290 wigorn.)
625 4218 751 4281 pollutior
762 4217 791 4267 of
799 4216 840 4266 his
850 4215 988 4278 baptismal
999 4213 1062 4264 font.
