2858 4890
146 415 216 462 uin.
233 398 289 480 11.]
364 413 478 462 ossan
502 415 629 463 nncuu
657 415 869 464 nnouonun.
1031 400 1098 464 253

148 578 183 634 et
207 589 228 634 a
253 570 417 651 secretis3
442 571 522 635 huic
546 591 608 635 rex
630 573 831 657 injunxerat
846 573 1036 655 negotium,
1058 582 1098 637 ut

150 671 319 735 Elfridam
341 672 448 735 filiam
472 672 599 753 Orgari
621 672 718 737 ducis
734 673 1003 750 Devenensium,
1019 691 1097 756 quae

149 771 261 836 forma
285 772 339 834 sui
361 771 480 835 oculos
502 773 690 836 relatorum
711 772 904 856 pellexerat
926 781 1097 856 quatenus

148 890 224 934 eam
236 871 341 952 regiis
353 872 493 935 auribus
504 872 935 950 commendarent-huic,
944 876 1097 955 inquam,

147 978 360 1053 praeceperat
390 979 429 1035 ut
463 970 560 1034 illam
595 971 662 1037 iret
700 973 927 1054 speculatum,
959 974 1098 1055 nuptias

148 1072 394 1135 conciliaturus
411 1071 441 1134 si
456 1072 585 1135 veritas
600 1072 701 1136 famae
716 1073 979 1156 conquadraret.
1032 1072 1099 1136 Ille

150 1172 242 1236 viam
265 1171 432 1247 celerans,
460 1169 612 1254 nihilque
636 1178 762 1255 praeter
786 1174 981 1256 opinionem
1006 1192 1099 1236 com-

148 1272 297 1353 periens
315 1270 427 1335 celato
443 1270 533 1353 apud
553 1280 714 1354 parentes
736 1274 874 1351 nuncio,
898 1273 971 1336 suis
983 1273 1100 1354 potius

151 1371 269 1434 usibus
301 1370 452 1453 puellam
482 1370 657 1454 applicuit.
711 1371 863 1436 Rediens
896 1373 940 1437 ad
971 1392 1099 1454 regem,

152 1465 249 1554 ¹quae
272 1470 342 1534 suis
365 1471 521 1552 partibus
544 1471 785 1549 conducerent,
814 1472 944 1554 allegat
973 1472 1100 1555 speciei

150 1570 304 1653 vulgaris
319 1576 355 1635 et
370 1570 580 1653 quotidianae
604 1571 775 1653 pusiolam
801 1591 888 1649 esse,
912 1591 976 1636 nec
990 1579 1099 1636 tantae

151 1671 327 1754 majestati
349 1671 543 1734 convenire.
596 1670 755 1735 Reducto
776 1672 820 1735 ab
845 1671 899 1735 his
925 1672 1040 1735 animo
1064 1679 1100 1736 et

153 1771 230 1834 aliis
245 1770 417 1834 amoribus
439 1771 584 1848 intento,
600 1771 772 1835 delatores
787 1772 955 1836 nunciant
969 1778 1101 1854 quauta

152 1871 249 1934 illum
264 1868 505 1935 Athelwoldus
521 1871 651 1934 astutia
664 1872 868 1935 emunxerit.
921 1870 989 1934 Ille
1001 1872 1100 1935 clavo

153 1970 288 2035 clavum
313 1970 502 2052 expellenS,
536 1970 656 2034 fraude
693 1970 825 2035 scilicet
847 1968 1002 2033 fraudem
1027 1970 1100 2033 elu-

151 2070 250 2147 dens,
277 2070 424 2134 frontem
454 2089 611 2133 serenam
639 2071 755 2135 comiti
782 2071 974 2148 ostendere,
1011 2072 1101 2134 diem

154 2190 222 2254 quo
236 2170 393 2235 visitaret
412 2175 484 2232 tam
507 2170 684 2234 laudatam
700 2171 877 2235 mulierem
900 2170 1000 2253 quasi
1019 2169 1103 2254 joco

153 2271 295 2334 edicere.
330 2269 412 2349 Qui,
423 2277 496 2333 tam
510 2270 652 2334 terribili
667 2270 750 2335 ludo
765 2271 995 2347 exanimatus,
1012 2289 1102 2352 prae-

155 2370 264 2435 currit
286 2370 329 2432 ad
362 2369 557 2454 conjugem,
581 2389 710 2452 rogans
733 2377 772 2433 ut
798 2390 871 2435 suae
893 2369 999 2433 saluti
1019 2390 1102 2434 con·

154 2471 294 2547 suleret,
307 2476 342 2534 et
351 2477 519 2553 quantum
532 2478 650 2552 posset
661 2471 814 2535 vestibus
829 2490 867 2534 se
875 2470 1103 2549 deformaret3

156 2577 239 2635 tunc
262 2571 410 2652 primum
435 2570 592 2652 aperiens
616 2570 700 2633 facti
721 2571 775 2633 sui
791 2571 983 2634 consilium.
1035 2569 1104 2633 Sed

155 2670 237 2754 quid
266 2690 336 2734 non
368 2671 544 2752 praesumit
572 2668 741 2733 foeminal
773 2689 861 2733 ausa
890 2677 944 2734 est
969 2662 1103 2732 ²miseri

156 2771 321 2835 amatoris
337 2777 372 2834 et
387 2770 487 2852 primi
503 2769 662 2854 conjugis
686 2769 787 2833 fidem
811 2769 942 2847 fallere,
966 2775 1001 2833 et
1025 2788 1103 2851 spo·

157 2871 235 2935 culo
249 2870 384 2934 vultum
400 2889 545 2947 comere,
568 2869 653 2933 nihil
674 2869 837 2933 omittens
859 2869 950 2951 quod
966 2868 1105 2951 ephoebi

156 2978 192 3035 et
207 2970 359 3054 potentis
380 2969 515 3034 lumbos
538 2976 761 3052 pertentaret.
813 2968 889 3033 Nec
914 2969 1001 3033 citra
1024 2987 1104 3051 pro·

156 3071 307 3153 positum
333 3070 470 3133 accidit.
522 3068 644 3133 Visam
669 3070 761 3133 enim
784 3069 871 3132 adeo
893 3069 1028 3146 inarsit,
1053 3075 1104 3146 ut,

158 3170 374 3234 dissimulato
390 3170 481 3247 odio,
498 3169 658 3233 comitem
673 3168 710 3233 in
724 3169 859 3253 sylvam
870 3163 1105 3247 ³Werewelle,
1204 3198 1207 3205 ›

160 3271 273 3352 gratia
301 3268 451 3334 venandi
480 3269 639 3347 accitum,
657 3269 776 3353 jaculo
798 3269 982 3354 trajiceret.
1036 3268 1106 3332 Ubi

159 3390 238 3434 cum
261 3370 352 3434 filius
379 3369 482 3435 occisi
507 3369 633 3433 nothus
659 3368 820 3433 familiari
847 3389 913 3433 usu
942 3388 1105 3451 superve-

160 3471 280 3548 nisset,
309 3478 344 3534 et
373 3488 394 3534 a
421 3489 502 3551 rege
526 3470 759 3552 interrogatus
785 3476 877 3534 esset
901 3469 1050 3552 qualiter
1074 3468 1107 3532 ei

161 3571 241 3636 talis
265 3570 404 3635 venatio
419 3570 583 3653 placeret,
606 3571 823 3652 respondisse
840 3570 960 3647 fertur,
976 3569 1108 3646 ‘Bene,

161 3670 297 3735 domine
319 3690 402 3750 rex3
426 3668 518 3753 quod
535 3669 598 3733 tibi
615 3669 730 3752 placet
743 3669 827 3733 mihi
843 3670 1024 3752 displicere
1038 3688 1109 3732 non

159 3770 301 3835 debet:'
323 3789 393 3854 quo
406 3769 499 3833 dicto
523 3769 574 3833 ita
588 3771 752 3834 tumentis
775 3770 927 3834 animum
950 3788 1110 3832 mansue-

196 4002 204 4034 ¹
220 4007 304 4070 Qua]
321 4005 356 4055 A·
370 4006 399 4055 S·
414 4007 444 4056 0·
456 4005 491 4054 D·
509 4004 566 4054 Μ·
576 4004 624 4064 n;
685 4027 695 4058 ³
716 4028 878 4091 wacena]
904 4029 934 4077 c.
955 4027 990 4077 u.
1010 4027 1043 4076 Ε.
1063 4026 1111 4087 Le

161 4077 217 4140 (11¹5,
229 4078 262 4125 Β·
649 4099 800 4149 Werewelle
822 4114 881 4159 quae
899 4102 1006 4147 vocatur
1029 4096 1113 4149 flare·

197 4144 338 4209 mom]
364 4143 398 4194 A.
418 4144 446 4194 a.
469 4146 499 4195 e.
518 4145 553 4195 D.
573 4144 625 4204 Eo
649 4172 723 4220 woae
744 4169 779 4220 Α.
792 4168 822 4218 S·

162 4218 265 4282 misera,
275 4217 323 4279 1..;
339 4215 426 4278 Pllmh
437 4215 466 4266 Β·
725 4204 733 4233 ³
