2858 4890
331 383 396 447 140
556 398 670 447 ansus
693 397 820 447 aucun
845 399 1058 448 suetonum.
1154 387 1238 468 [nra.
1257 403 1281 448 1.

328 555 659 641 Archiepiscopatus
698 555 911 637 Cantuariae,
949 559 1170 644 episcopatus
1209 561 1283 625 Ro-

328 656 446 722 sensis

381 758 398 841 §
414 758 490 821 loa·
515 756 632 838 Reges
648 755 948 822 West-Saxonum
963 756 1231 822 dominabantur
1245 760 1282 823 in

328 857 537 935 Wiltescire,
552 864 588 921 et
603 855 772 921 Berkensi
786 864 822 921 et
836 857 1169 940 Dorsetensipagis3
1194 851 1282 940 ¹qui-

327 958 392 1021 bus
417 964 472 1021 est
495 957 677 1040 episcopus
710 975 812 1035 unus
836 956 935 1040 cujus
959 965 1013 1022 est
1034 957 1136 1022 modo
1165 951 1283 1024 ²sedes

328 1056 524 1136 Salesbirie,
562 1058 736 1140 quondam
767 1050 860 1121 ³erat
888 1057 944 1122 vel
974 1057 1191 1122 Ramesbirie
1226 1061 1284 1124 vel

329 1157 551 1222 Scireburne,

380 1258 427 1323 Et
440 1251 495 1322 ⁴in
511 1256 699 1335 Suthsexa,
711 1276 790 1340 quae
805 1255 986 1339 aliquanto
997 1264 1151 1341 tempore
1160 1258 1283 1325 habuit

327 1359 505 1442 proprium
520 1378 647 1440 regem.
699 1358 854 1440 Eratque
869 1359 968 1422 sedes
983 1357 1190 1440 episcopalis
1204 1361 1280 1446 eJus

326 1459 411 1542 pagi
422 1459 615 1541 antiquitus
628 1458 665 1521 in
681 1456 831 1534 Seleseo,
846 1478 925 1540 quae
939 1465 992 1522 est
1006 1459 1120 1522 insula
1133 1461 1279 1524 circum-

327 1558 406 1623 flua.
426 1565 546 1641 ponto,
573 1553 631 1622 ⁵ut
659 1558 756 1622 Beda
785 1565 918 1636 narrat,
947 1558 1007 1622 ubi
1029 1558 1134 1622 etiam
1156 1562 1279 1626 beatus

327 1658 511 1724 Wilfridus
525 1657 772 1723 monasterium
790 1659 1008 1723 construxit:
1033 1678 1125 1723 nunc
1146 1660 1281 1727 habitat

326 1761 509 1843 episcopus
525 1759 617 1843 apud
631 1757 833 1823 Cicestram.

377 1861 425 1925 Et
439 1861 476 1924 in
490 1861 591 1943 pagis
619 1858 894 1924 Suthantunensi
918 1866 954 1923 et
970 1858 1179 1937 sudreiensi,
1201 1861 1285 1943 quir

326 1962 390 2025 bns
406 1969 460 2025 est
474 1961 655 2044 episcopus
670 1961 731 2042 qui
743 1960 849 2024 habet
862 1958 978 2023 sedem
993 1959 1196 2024 Wintoniae.

377 2060 424 2124 Et
452 2061 489 2124 in
519 2080 610 2143 pago
640 2059 903 2137 Sumersetensi,
932 2059 992 2142 qui
1021 2058 1171 2125 habebat
1195 2060 1278 2125 olim

325 2161 418 2242 apud
431 2160 566 2225 Wellas
581 2160 792 2243 episcopum,
807 2161 867 2244 qui
881 2178 974 2222 nunc
988 2167 1042 2224 est
1056 2159 1252 2226 Bathoniae.

377 2260 424 2324 Et
444 2261 481 2324 in
505 2260 703 2324 Domnonia
724 2281 803 2343 quae
828 2259 1060 2324 Devenesoire
1082 2261 1220 2339 dicitur,
1244 2270 1280 2327 et

324 2361 361 2423 in
399 2359 574 2425 Cornubia
608 2381 687 2443 quae
715 2380 807 2426 nunc
838 2359 1112 2442 Cornu-gualliae
1142 2361 1278 2426 dicitur.

326 2460 504 2544 Erantque
527 2469 611 2525 tunc
633 2461 701 2526 duo
723 2461 955 2544 episcopatus
978 2479 1068 2524 unus
1081 2461 1118 2525 in
1134 2460 1278 2528 Criden-

325 2567 424 2639 tuna,
448 2563 537 2625 alter
559 2563 651 2645 apud
667 2562 832 2626 Sanctum
847 2559 1082 2626 Germanum:
1106 2582 1199 2628 nunc
1223 2572 1278 2629 est

325 2680 427 2739 unuS,
443 2669 479 2726 et
493 2670 546 2726 est
561 2662 659 2726 sedes
674 2662 749 2745 ejus
764 2661 924 2727 Exoniae.

376 2762 485 2845 §lon
510 2762 622 2827 Porro
645 2782 744 2844 reges
771 2762 980 2826 Merciorum
1010 2761 1277 2826 dominabantur

323 2863 360 2925 in
375 2864 475 2946 pagis
490 2862 556 2940 his,
572 2861 841 2941 Gloeoestrensi‚
864 2862 1101 2945 Wigornensi,
1124 2861 1276 2926 Warwi-

323 2965 437 3028 censi:
461 2965 498 3028 in
513 2962 566 3026 his
582 2968 636 3027 est
657 2963 840 3047 episcopus
855 2981 956 3041 unuS,
979 2961 1078 3045 cujus
1099 2961 1198 3026 sedes
1222 2971 1277 3028 est

322 3063 526 3147 Wigorniae.

357 3232 366 3264 ¹
376 3235 473 3290 Quibus
483 3239 519 3283 est
529 3235 653 3299 epiecopus
664 3249 727 3284 aaut
738 3269 744 3284 .
759 3268 766 3284 .
780 3268 786 3282 .
812 3233 890 3281 about
900 3232 942 3280 the
954 3246 1016 3294 year
1026 3235 1075 3281 490
1085 3232 1121 3292 by
1129 3231 1208 3295 Aelii,
1218 3233 1277 3282 who

322 3305 360 3353 ael
383 3305 537 3353 Ramesbirr'e
558 3307 596 3354 nel
618 3297 786 3372 Scirehuma]
812 3317 883 3352 came
899 3307 995 3351 overto
1007 3302 1106 3350 Britain
1117 3303 1143 3350 in
1154 3306 1202 3351 477
1213 3304 1277 3352 with

323 3375 447 3438 Compare
458 3375 509 3424 this
521 3375 585 3424 with
598 3376 733 3425 Malmesb.
746 3375 787 3423 De
812 3373 852 3422 his
862 3373 932 3422 three
941 3386 1008 3433 sons,
1016 3373 1121 3434 Cymen,
1129 3373 1276 3436 Wlenhing,

322 3444 410 3494 Gestis
421 3445 533 3506 Pontif.;
544 3447 586 3494 De
593 3446 728 3508 Episcopis
737 3445 787 3495 Oc·
812 3443 863 3491 and
875 3444 952 3493 Cissi.
987 3442 1057 3492 Aelii
1067 3457 1123 3492 was
1134 3444 1276 3493 succeeded

323 3515 634 3565 cidentaliumsaxonum.
812 3513 847 3574 by
864 3513 905 3562 his
928 3528 974 3562 son
997 3513 1073 3563 Cissi.
1109 3512 1163 3561 The
1185 3514 1277 3563 Seuth-

357 3605 368 3634 α
378 3602 477 3677 Sem]
494 3606 695 3668 1110ὢῶ.Μά
715 3607 787 3655 omit,
812 3584 990 3665 §axonswere
1004 3583 1138 3665 converted
1153 3587 1179 3630 to
1191 3584 1278 3633 Chris·

321 3679 364 3728 ted
374 3679 401 3726 in
412 3679 446 3728 E·
811 3651 1277 3771 ξιεῗέῒγῢξψιξτῗῖἶιίῗὴορῗγοτίι,

357 3771 464 3856 aa
812 3724 1167 3855 tuf‘itthtutt
1179 3724 1277 3845 §th

320 3844 446 3894 tede.
811 3877 919 3924 appears
935 3865 1078 3913 sometimes
1094 3868 1120 3912 to
1136 3864 1201 3914 have
1212 3867 1277 3916 been

356 3928 410 3979 ⁴Ia
433 3930 566 3991 suthsexa,
587 3944 641 3991 quoe
662 3928 786 3992 aliquanto
809 3934 934 3995 tributary
945 3939 971 3983 to
988 3935 1066 3995 Kent,
1082 3934 1133 3982 and
1150 3940 1176 3983 at
1192 3936 1277 3986 others

320 4005 424 4065 tempore
440 4000 525 4050 hahuit
538 3999 664 4064 proprium
679 3997 781 4060 regere]
809 4008 835 4051 to
846 4003 963 4067 westsex,
974 4004 1276 4068 towhichitwashnally

319 4072 372 4121 The
391 4072 488 4133 history
506 4069 535 4119 of
553 4069 604 4117 this
621 4069 742 4131 kingdom
761 4071 785 4118 is
809 4073 897 4122 united
908 4075 942 4134 by
953 4074 1170 4137 Ecgberht‚A.D.
1182 4079 1240 4126 824.

319 4148 362 4191 not
383 4143 443 4192 well
469 4139 666 4191 authenticated.
714 4140 740 4187 It
761 4140 784 4188 is
843 4140 904 4192 “Ut
922 4145 992 4194 Beda
1010 4145 1117 4207 uomet]
1138 4145 1209 4194 Hist.
1227 4148 1276 4195 Ec-

319 4213 447 4275 supposed
463 4217 489 4261 to
507 4211 572 4260 have
590 4211 655 4258 been
672 4208 782 4260 founded
808 4213 919 4265 clesiast.
931 4215 976 4267 lib.
989 4227 1025 4266 ιν.
1038 4231 1060 4266 e.
1073 4213 1205 4277 13,§289.
1264 4244 1268 4257 »
