<?xml version="1.0" encoding="UTF-8"?>
<!DOCTYPE html PUBLIC "-//W3C//DTD XHTML 1.0 Transitional//EN"
    "http://www.w3.org/TR/xhtml1/DTD/xhtml1-transitional.dtd">
<html xmlns="http://www.w3.org/1999/xhtml" xml:lang="en" lang="en">
 <head>
  <title>
</title>
<meta http-equiv="Content-Type" content="text/html;charset=utf-8" />
  <meta name='ocr-system' content='tesseract 3.04.00' />
  <meta name='ocr-capabilities' content='ocr_page ocr_carea ocr_par ocr_line ocrx_word'/>
</head>
<body>
  <div class='ocr_page' id='page_1' title='image "./gestaregumanglo01willgoog_0244.png"; bbox 0 0 2858 4890; ppageno 0'>
   <div class='ocr_carea' id='block_1_1' title="bbox 358 391 1313 472">
    <p class='ocr_par' dir='ltr' id='par_1_1' title="bbox 358 391 1313 472">
     <span class='ocr_line' id='line_1_1' title="bbox 358 391 1313 472; baseline -0.003 -16"><span class='ocrx_word' id='word_1_1' title='bbox 358 391 425 456; x_wconf 70' lang='lat'><strong>204</strong></span> <span class='ocrx_word' id='word_1_2' title='bbox 579 406 693 454; x_wconf 80' lang='lat' dir='ltr'><strong>cusrr.</strong></span> <span class='ocrx_word' id='word_1_3' title='bbox 716 406 843 453; x_wconf 82' lang='lat' dir='ltr'><strong>aucun</strong></span> <span class='ocrx_word' id='word_1_4' title='bbox 868 405 1083 452; x_wconf 77' lang='lat' dir='ltr'><strong>nuanoaun.</strong></span> <span class='ocrx_word' id='word_1_5' title='bbox 1167 392 1254 472; x_wconf 81' lang='lat' dir='ltr'><strong>[ms.</strong></span> <span class='ocrx_word' id='word_1_6' title='bbox 1271 407 1313 454; x_wconf 92' lang='lat'><strong>11.</strong></span> 
     </span>
    </p>
   </div>
   <div class='ocr_carea' id='block_1_2' title="bbox 275 557 1425 2744">
    <p class='ocr_par' dir='ltr' id='par_1_2' title="bbox 275 557 1425 2244">
     <span class='ocr_line' id='line_1_2' title="bbox 275 557 1311 649; baseline -0.002 -19"><span class='ocrx_word' id='word_1_7' title='bbox 275 557 277 561; x_wconf 57' lang='grc'>’</span> <span class='ocrx_word' id='word_1_8' title='bbox 360 562 503 649; x_wconf 90' lang='lat' dir='ltr'><strong>pauci,&#39;)</strong></span> <span class='ocrx_word' id='word_1_9' title='bbox 522 564 701 645; x_wconf 86' lang='lat' dir='ltr'><strong>elegerunt</strong></span> <span class='ocrx_word' id='word_1_10' title='bbox 722 571 757 627; x_wconf 86' lang='lat' dir='ltr'><strong>et</strong></span> <span class='ocrx_word' id='word_1_11' title='bbox 780 564 1035 627; x_wconf 86' lang='lat' dir='ltr'><strong>constituerunt</strong></span> <span class='ocrx_word' id='word_1_12' title='bbox 1056 562 1213 644; x_wconf 79' lang='lat' dir='ltr'><strong>singulos</strong></span> <span class='ocrx_word' id='word_1_13' title='bbox 1236 566 1311 646; x_wconf 85' lang='lat' dir='ltr'><strong>epi-</strong></span> 
     </span>
     <span class='ocr_line' id='line_1_3' title="bbox 360 661 1309 748; baseline -0.002 -18"><span class='ocrx_word' id='word_1_14' title='bbox 360 686 484 748; x_wconf 90' lang='lat' dir='ltr'><strong>scopos</strong></span> <span class='ocrx_word' id='word_1_15' title='bbox 509 664 654 746; x_wconf 87' lang='lat' dir='ltr'><strong>singulis</strong></span> <span class='ocrx_word' id='word_1_16' title='bbox 684 663 870 746; x_wconf 90' lang='lat' dir='ltr'><strong>provinciis</strong></span> <span class='ocrx_word' id='word_1_17' title='bbox 898 661 1127 739; x_wconf 86' lang='lat' dir='ltr'><strong>Gewisorum,</strong></span> <span class='ocrx_word' id='word_1_18' title='bbox 1158 670 1194 727; x_wconf 88' lang='lat' dir='ltr'><strong>et</strong></span> <span class='ocrx_word' id='word_1_19' title='bbox 1215 665 1309 746; x_wconf 95' lang='lat' dir='ltr'><strong>quod</strong></span> 
     </span>
     <span class='ocr_line' id='line_1_4' title="bbox 361 762 1307 844; baseline -0.001 -15"><span class='ocrx_word' id='word_1_20' title='bbox 361 767 442 829; x_wconf 90' lang='lat' dir='ltr'><strong>olim</strong></span> <span class='ocrx_word' id='word_1_21' title='bbox 479 766 547 829; x_wconf 94' lang='lat' dir='ltr'><strong>duo</strong></span> <span class='ocrx_word' id='word_1_22' title='bbox 594 765 789 826; x_wconf 87' lang='lat' dir='ltr'><strong>habuerunt</strong></span> <span class='ocrx_word' id='word_1_23' title='bbox 828 764 865 826; x_wconf 90' lang='lat' dir='ltr'><strong>in</strong></span> <span class='ocrx_word' id='word_1_24' title='bbox 902 762 1054 844; x_wconf 90' lang='lat' dir='ltr'><strong>quinque</strong></span> <span class='ocrx_word' id='word_1_25' title='bbox 1102 764 1307 828; x_wconf 87' lang='lat' dir='ltr'><strong>diviserunt.</strong></span> 
     </span>
     <span class='ocr_line' id='line_1_5' title="bbox 361 862 1309 945; baseline -0.001 -16"><span class='ocrx_word' id='word_1_26' title='bbox 361 864 452 929; x_wconf 88' lang='lat' dir='ltr'><strong>Acto</strong></span> <span class='ocrx_word' id='word_1_27' title='bbox 467 865 624 941; x_wconf 88' lang='lat' dir='ltr'><strong>concilio,</strong></span> <span class='ocrx_word' id='word_1_28' title='bbox 640 864 917 945; x_wconf 83' lang='lat' dir='ltr'><strong>archiepiscopus</strong></span> <span class='ocrx_word' id='word_1_29' title='bbox 933 862 1082 926; x_wconf 85' lang='lat' dir='ltr'><strong>Romam</strong></span> <span class='ocrx_word' id='word_1_30' title='bbox 1103 882 1180 926; x_wconf 92' lang='lat' dir='ltr'><strong>cum</strong></span> <span class='ocrx_word' id='word_1_31' title='bbox 1198 863 1309 928; x_wconf 90' lang='lat' dir='ltr'><strong>hono·</strong></span> 
     </span>
     <span class='ocr_line' id='line_1_6' title="bbox 358 962 1308 1044; baseline 0.002 -18"><span class='ocrx_word' id='word_1_32' title='bbox 358 965 463 1028; x_wconf 89' lang='lat' dir='ltr'><strong>rificis</strong></span> <span class='ocrx_word' id='word_1_33' title='bbox 478 965 675 1027; x_wconf 89' lang='lat' dir='ltr'><strong>muneribus</strong></span> <span class='ocrx_word' id='word_1_34' title='bbox 697 962 794 1039; x_wconf 88' lang='lat' dir='ltr'><strong>adiit,</strong></span> <span class='ocrx_word' id='word_1_35' title='bbox 817 981 944 1044; x_wconf 90' lang='lat' dir='ltr'><strong>papam</strong></span> <span class='ocrx_word' id='word_1_36' title='bbox 963 982 1091 1044; x_wconf 86' lang='lat' dir='ltr'><strong>magna</strong></span> <span class='ocrx_word' id='word_1_37' title='bbox 1112 963 1308 1028; x_wconf 85' lang='lat' dir='ltr'><strong>humilitate</strong></span> 
     </span>
     <span class='ocr_line' id='line_1_7' title="bbox 358 1063 1308 1148; baseline 0.001 -20"><span class='ocrx_word' id='word_1_38' title='bbox 358 1064 523 1148; x_wconf 86' lang='lat' dir='ltr'><strong>placavit,</strong></span> <span class='ocrx_word' id='word_1_39' title='bbox 537 1064 675 1127; x_wconf 89' lang='lat' dir='ltr'><strong>decreta</strong></span> <span class='ocrx_word' id='word_1_40' title='bbox 691 1063 784 1144; x_wconf 81' lang='lat' dir='ltr'><strong>regis</strong></span> <span class='ocrx_word' id='word_1_41' title='bbox 809 1063 979 1139; x_wconf 84' lang='lat' dir='ltr'><strong>recitavit,</strong></span> <span class='ocrx_word' id='word_1_42' title='bbox 1001 1064 1093 1145; x_wconf 93' lang='lat' dir='ltr'><strong>quod</strong></span> <span class='ocrx_word' id='word_1_43' title='bbox 1116 1065 1308 1145; x_wconf 87' lang='lat' dir='ltr'><strong>apostolico</strong></span> 
     </span>
     <span class='ocr_line' id='line_1_8' title="bbox 358 1162 1307 1245; baseline 0 -18"><span class='ocrx_word' id='word_1_44' title='bbox 358 1165 508 1227; x_wconf 85' lang='lat' dir='ltr'><strong>maxime</strong></span> <span class='ocrx_word' id='word_1_45' title='bbox 519 1164 660 1245; x_wconf 85' lang='lat' dir='ltr'><strong>placuit.</strong></span> <span class='ocrx_word' id='word_1_46' title='bbox 684 1163 836 1226; x_wconf 87' lang='lat' dir='ltr'><strong>Rediens</strong></span> <span class='ocrx_word' id='word_1_47' title='bbox 846 1162 890 1224; x_wconf 92' lang='lat' dir='ltr'><strong>ad</strong></span> <span class='ocrx_word' id='word_1_48' title='bbox 900 1163 1060 1244; x_wconf 87' lang='lat' dir='ltr'><strong>patriam,</strong></span> <span class='ocrx_word' id='word_1_49' title='bbox 1069 1163 1106 1226; x_wconf 90' lang='lat' dir='ltr'><strong>in</strong></span> <span class='ocrx_word' id='word_1_50' title='bbox 1117 1164 1201 1227; x_wconf 89' lang='lat' dir='ltr'><strong>urbe</strong></span> <span class='ocrx_word' id='word_1_51' title='bbox 1213 1162 1307 1227; x_wconf 87' lang='lat' dir='ltr'><strong>Can-</strong></span> 
     </span>
     <span class='ocr_line' id='line_1_9' title="bbox 358 1263 1307 1345; baseline 0.002 -19"><span class='ocrx_word' id='word_1_52' title='bbox 358 1264 481 1327; x_wconf 84' lang='lat' dir='ltr'><strong>tuariae</strong></span> <span class='ocrx_word' id='word_1_53' title='bbox 495 1283 565 1326; x_wconf 93' lang='lat' dir='ltr'><strong>uno</strong></span> <span class='ocrx_word' id='word_1_54' title='bbox 580 1264 633 1325; x_wconf 89' lang='lat' dir='ltr'><strong>die</strong></span> <span class='ocrx_word' id='word_1_55' title='bbox 648 1270 779 1345; x_wconf 87' lang='lat' dir='ltr'><strong>septem</strong></span> <span class='ocrx_word' id='word_1_56' title='bbox 802 1263 981 1344; x_wconf 88' lang='lat' dir='ltr'><strong>episcopos</strong></span> <span class='ocrx_word' id='word_1_57' title='bbox 1003 1268 1136 1345; x_wconf 89' lang='lat' dir='ltr'><strong>septem</strong></span> <span class='ocrx_word' id='word_1_58' title='bbox 1152 1263 1307 1328; x_wconf 87' lang='lat' dir='ltr'><strong>ecclesiis</strong></span> 
     </span>
     <span class='ocr_line' id='line_1_10' title="bbox 358 1362 1306 1442; baseline -0.001 -15"><span class='ocrx_word' id='word_1_59' title='bbox 358 1363 552 1442; x_wconf 83' lang='lat' dir='ltr'><strong>ordinavit3</strong></span> <span class='ocrx_word' id='word_1_60' title='bbox 587 1362 829 1426; x_wconf 88' lang='lat' dir='ltr'><strong>Fridestanum</strong></span> <span class='ocrx_word' id='word_1_61' title='bbox 853 1363 897 1425; x_wconf 94' lang='lat' dir='ltr'><strong>ad</strong></span> <span class='ocrx_word' id='word_1_62' title='bbox 922 1362 1101 1425; x_wconf 86' lang='lat' dir='ltr'><strong>ecclesiam</strong></span> <span class='ocrx_word' id='word_1_63' title='bbox 1129 1363 1306 1427; x_wconf 87' lang='lat' dir='ltr'><strong>Wintoni-</strong></span> 
     </span>
     <span class='ocr_line' id='line_1_11' title="bbox 357 1460 1365 1540; baseline 0.002 -14"><span class='ocrx_word' id='word_1_64' title='bbox 357 1483 485 1540; x_wconf 89' lang='lat' dir='ltr'><strong>ensem,</strong></span> <span class='ocrx_word' id='word_1_65' title='bbox 512 1461 741 1526; x_wconf 90' lang='lat' dir='ltr'><strong>Adelstanum</strong></span> <span class='ocrx_word' id='word_1_66' title='bbox 769 1461 812 1524; x_wconf 91' lang='lat' dir='ltr'><strong>ad</strong></span> <span class='ocrx_word' id='word_1_67' title='bbox 839 1460 1122 1538; x_wconf 74' lang='lat' dir='ltr'><strong>cornubiensem,</strong></span> <span class='ocrx_word' id='word_1_68' title='bbox 1146 1463 1305 1528; x_wconf 87' lang='lat' dir='ltr'><strong>Wersta-</strong></span> <span class='ocrx_word' id='word_1_69' title='bbox 1364 1537 1365 1540; x_wconf 8' lang='grc' dir='ltr'><strong>Ἴ</strong></span> 
     </span>
     <span class='ocr_line' id='line_1_12' title="bbox 356 1559 1425 1647; baseline 0.003 -23"><span class='ocrx_word' id='word_1_70' title='bbox 356 1576 438 1626; x_wconf 91' lang='lat' dir='ltr'><strong>num</strong></span> <span class='ocrx_word' id='word_1_71' title='bbox 461 1563 504 1626; x_wconf 88' lang='lat' dir='ltr'><strong>ad</strong></span> <span class='ocrx_word' id='word_1_72' title='bbox 521 1562 833 1638; x_wconf 88' lang='lat' dir='ltr'><strong>Scireburnensem,</strong></span> <span class='ocrx_word' id='word_1_73' title='bbox 849 1559 1066 1625; x_wconf 90' lang='lat' dir='ltr'><strong>Adelelmum</strong></span> <span class='ocrx_word' id='word_1_74' title='bbox 1088 1561 1132 1625; x_wconf 87' lang='lat' dir='ltr'><strong>ad</strong></span> <span class='ocrx_word' id='word_1_75' title='bbox 1148 1562 1304 1627; x_wconf 87' lang='lat' dir='ltr'><strong>Wellen-</strong></span> <span class='ocrx_word' id='word_1_76' title='bbox 1424 1642 1425 1647; x_wconf 8' lang='grc' dir='ltr'>ἵ</span> 
     </span>
     <span class='ocr_line' id='line_1_13' title="bbox 356 1656 1382 1745; baseline 0.002 -20"><span class='ocrx_word' id='word_1_77' title='bbox 356 1683 440 1739; x_wconf 90' lang='lat' dir='ltr'><strong>sem,</strong></span> <span class='ocrx_word' id='word_1_78' title='bbox 457 1661 619 1726; x_wconf 85' lang='lat' dir='ltr'><strong>Edulfum</strong></span> <span class='ocrx_word' id='word_1_79' title='bbox 637 1663 680 1726; x_wconf 88' lang='lat' dir='ltr'><strong>ad</strong></span> <span class='ocrx_word' id='word_1_80' title='bbox 696 1656 934 1725; x_wconf 88' lang='lat' dir='ltr'><strong>¹Cridiensem.</strong></span> <span class='ocrx_word' id='word_1_81' title='bbox 988 1661 1055 1726; x_wconf 87' lang='lat' dir='ltr'><strong>Sed</strong></span> <span class='ocrx_word' id='word_1_82' title='bbox 1072 1668 1108 1725; x_wconf 89' lang='lat' dir='ltr'><strong>et</strong></span> <span class='ocrx_word' id='word_1_83' title='bbox 1122 1661 1200 1725; x_wconf 86' lang='lat' dir='ltr'><strong>aliis</strong></span> <span class='ocrx_word' id='word_1_84' title='bbox 1222 1683 1303 1745; x_wconf 92' lang='lat' dir='ltr'><strong>pro·</strong></span> <span class='ocrx_word' id='word_1_85' title='bbox 1379 1731 1382 1735; x_wconf 71' lang='grc'><em>,</em></span> 
     </span>
     <span class='ocr_line' id='line_1_14' title="bbox 356 1760 1302 1844; baseline 0.001 -18"><span class='ocrx_word' id='word_1_86' title='bbox 356 1763 478 1827; x_wconf 90' lang='lat' dir='ltr'><strong>vinciis</strong></span> <span class='ocrx_word' id='word_1_87' title='bbox 510 1763 693 1826; x_wconf 84' lang='lat' dir='ltr'><strong>constituit</strong></span> <span class='ocrx_word' id='word_1_88' title='bbox 728 1761 814 1825; x_wconf 92' lang='lat' dir='ltr'><strong>duos</strong></span> <span class='ocrx_word' id='word_1_89' title='bbox 851 1762 1043 1844; x_wconf 89' lang='lat' dir='ltr'><strong>episcopos,</strong></span> <span class='ocrx_word' id='word_1_90' title='bbox 1077 1760 1302 1827; x_wconf 83' lang='lat' dir='ltr'><strong>Australibus</strong></span> 
     </span>
     <span class='ocr_line' id='line_1_15' title="bbox 355 1861 1302 1942; baseline 0.003 -17"><span class='ocrx_word' id='word_1_91' title='bbox 355 1862 551 1926; x_wconf 85' lang='lat' dir='ltr'><strong>Saxonibus</strong></span> <span class='ocrx_word' id='word_1_92' title='bbox 568 1863 680 1926; x_wconf 90' lang='lat' dir='ltr'><strong>virum</strong></span> <span class='ocrx_word' id='word_1_93' title='bbox 694 1862 856 1925; x_wconf 88' lang='lat' dir='ltr'><strong>idoneum</strong></span> <span class='ocrx_word' id='word_1_94' title='bbox 877 1861 1084 1942; x_wconf 80' lang='lat' dir='ltr'><strong>Bernegum,</strong></span> <span class='ocrx_word' id='word_1_95' title='bbox 1107 1869 1142 1925; x_wconf 89' lang='lat' dir='ltr'><strong>et</strong></span> <span class='ocrx_word' id='word_1_96' title='bbox 1160 1862 1302 1928; x_wconf 78' lang='lat' dir='ltr'><strong>Marciis</strong></span> 
     </span>
     <span class='ocr_line' id='line_1_16' title="bbox 356 1955 1301 2026; baseline 0 0"><span class='ocrx_word' id='word_1_97' title='bbox 356 1961 562 2026; x_wconf 85' lang='lat' dir='ltr'><strong>Chenulfum</strong></span> <span class='ocrx_word' id='word_1_98' title='bbox 579 1962 623 2025; x_wconf 90' lang='lat' dir='ltr'><strong>ad</strong></span> <span class='ocrx_word' id='word_1_99' title='bbox 646 1962 822 2025; x_wconf 86' lang='lat' dir='ltr'><strong>civitatem</strong></span> <span class='ocrx_word' id='word_1_100' title='bbox 838 1955 1072 2026; x_wconf 82' lang='lat' dir='ltr'><strong>²Dorcestrae:</strong></span> <span class='ocrx_word' id='word_1_101' title='bbox 1103 1960 1168 2025; x_wconf 90' lang='lat' dir='ltr'><strong>hoc</strong></span> <span class='ocrx_word' id='word_1_102' title='bbox 1184 1970 1301 2026; x_wconf 89' lang='lat' dir='ltr'><strong>autem</strong></span> 
     </span>
     <span class='ocr_line' id='line_1_17' title="bbox 354 2061 1300 2146; baseline 0.003 -22"><span class='ocrx_word' id='word_1_103' title='bbox 354 2069 466 2126; x_wconf 87' lang='lat' dir='ltr'><strong>totum</strong></span> <span class='ocrx_word' id='word_1_104' title='bbox 499 2081 590 2144; x_wconf 88' lang='lat' dir='ltr'><strong>papa</strong></span> <span class='ocrx_word' id='word_1_105' title='bbox 616 2061 777 2138; x_wconf 88' lang='lat' dir='ltr'><strong>firmavit,</strong></span> <span class='ocrx_word' id='word_1_106' title='bbox 803 2068 842 2125; x_wconf 92' lang='lat' dir='ltr'><strong>ut</strong></span> <span class='ocrx_word' id='word_1_107' title='bbox 866 2061 1088 2125; x_wconf 86' lang='lat' dir='ltr'><strong>damnaretur</strong></span> <span class='ocrx_word' id='word_1_108' title='bbox 1112 2062 1148 2124; x_wconf 92' lang='lat' dir='ltr'><strong>in</strong></span> <span class='ocrx_word' id='word_1_109' title='bbox 1176 2082 1300 2146; x_wconf 88' lang='lat' dir='ltr'><strong>perpe-</strong></span> 
     </span>
     <span class='ocr_line' id='line_1_18' title="bbox 354 2160 1004 2244; baseline -0.005 -19"><span class='ocrx_word' id='word_1_110' title='bbox 354 2168 452 2225; x_wconf 92' lang='lat' dir='ltr'><strong>tuum</strong></span> <span class='ocrx_word' id='word_1_111' title='bbox 466 2162 526 2244; x_wconf 93' lang='lat' dir='ltr'><strong>qui</strong></span> <span class='ocrx_word' id='word_1_112' title='bbox 541 2162 605 2224; x_wconf 92' lang='lat' dir='ltr'><strong>hoc</strong></span> <span class='ocrx_word' id='word_1_113' title='bbox 618 2161 808 2225; x_wconf 88' lang='lat' dir='ltr'><strong>infirmaret</strong></span> <span class='ocrx_word' id='word_1_114' title='bbox 821 2160 1004 2224; x_wconf 90' lang='lat' dir='ltr'><strong>decretum.</strong></span> 
     </span>
    </p>

    <p class='ocr_par' dir='ltr' id='par_1_3' title="bbox 349 2261 1301 2744">
     <span class='ocr_line' id='line_1_19' title="bbox 405 2261 1301 2345; baseline 0.003 -21"><span class='ocrx_word' id='word_1_115' title='bbox 405 2261 509 2344; x_wconf 77' lang='lat'>§130.</span> <span class='ocrx_word' id='word_1_116' title='bbox 524 2261 728 2339; x_wconf 89' lang='lat' dir='ltr'><strong>Edwardus,</strong></span> <span class='ocrx_word' id='word_1_117' title='bbox 746 2262 916 2325; x_wconf 84' lang='lat' dir='ltr'><strong>universae</strong></span> <span class='ocrx_word' id='word_1_118' title='bbox 932 2261 1045 2325; x_wconf 88' lang='lat' dir='ltr'><strong>carnis</strong></span> <span class='ocrx_word' id='word_1_119' title='bbox 1062 2261 1154 2325; x_wconf 88' lang='lat' dir='ltr'><strong>viam</strong></span> <span class='ocrx_word' id='word_1_120' title='bbox 1165 2262 1301 2345; x_wconf 80' lang='lat' dir='ltr'><strong>ingres-</strong></span> 
     </span>
     <span class='ocr_line' id='line_1_20' title="bbox 352 2361 1298 2444; baseline 0.002 -20"><span class='ocrx_word' id='word_1_121' title='bbox 352 2380 424 2438; x_wconf 90' lang='lat' dir='ltr'><strong>sus,</strong></span> <span class='ocrx_word' id='word_1_122' title='bbox 453 2363 600 2444; x_wconf 86' lang='lat' dir='ltr'><strong>quiescit</strong></span> <span class='ocrx_word' id='word_1_123' title='bbox 622 2362 658 2423; x_wconf 87' lang='lat' dir='ltr'><strong>in</strong></span> <span class='ocrx_word' id='word_1_124' title='bbox 687 2361 806 2425; x_wconf 90' lang='lat' dir='ltr'><strong>eodem</strong></span> <span class='ocrx_word' id='word_1_125' title='bbox 840 2363 1048 2425; x_wconf 89' lang='lat' dir='ltr'><strong>monasterio</strong></span> <span class='ocrx_word' id='word_1_126' title='bbox 1078 2381 1147 2444; x_wconf 94' lang='lat' dir='ltr'><strong>quo</strong></span> <span class='ocrx_word' id='word_1_127' title='bbox 1176 2371 1298 2444; x_wconf 88' lang='lat' dir='ltr'><strong>pater;</strong></span> 
     </span>
     <span class='ocr_line' id='line_1_21' title="bbox 350 2461 1299 2544; baseline 0.002 -19"><span class='ocrx_word' id='word_1_128' title='bbox 350 2462 442 2544; x_wconf 94' lang='lat' dir='ltr'><strong>quod</strong></span> <span class='ocrx_word' id='word_1_129' title='bbox 458 2463 532 2544; x_wconf 90' lang='lat' dir='ltr'><strong>ipse</strong></span> <span class='ocrx_word' id='word_1_130' title='bbox 548 2480 686 2543; x_wconf 91' lang='lat' dir='ltr'><strong>quoque</strong></span> <span class='ocrx_word' id='word_1_131' title='bbox 703 2461 837 2542; x_wconf 83' lang='lat' dir='ltr'><strong>magnis</strong></span> <span class='ocrx_word' id='word_1_132' title='bbox 855 2461 1043 2525; x_wconf 87' lang='lat' dir='ltr'><strong>redditibus</strong></span> <span class='ocrx_word' id='word_1_133' title='bbox 1058 2463 1299 2544; x_wconf 87' lang='lat' dir='ltr'><strong>ampliaverat,</strong></span> 
     </span>
     <span class='ocr_line' id='line_1_22' title="bbox 349 2555 1297 2645; baseline 0.003 -22"><span class='ocrx_word' id='word_1_134' title='bbox 349 2562 384 2625; x_wconf 93' lang='lat' dir='ltr'><strong>in</strong></span> <span class='ocrx_word' id='word_1_135' title='bbox 408 2583 476 2645; x_wconf 94' lang='lat' dir='ltr'><strong>quo</strong></span> <span class='ocrx_word' id='word_1_136' title='bbox 497 2569 532 2625; x_wconf 90' lang='lat' dir='ltr'><strong>et</strong></span> <span class='ocrx_word' id='word_1_137' title='bbox 551 2555 650 2625; x_wconf 84' lang='lat' dir='ltr'><strong>³ante</strong></span> <span class='ocrx_word' id='word_1_138' title='bbox 673 2562 936 2644; x_wconf 90' lang='lat' dir='ltr'><strong>quadriennium</strong></span> <span class='ocrx_word' id='word_1_139' title='bbox 959 2562 1101 2625; x_wconf 89' lang='lat' dir='ltr'><strong>fratrem</strong></span> <span class='ocrx_word' id='word_1_140' title='bbox 1114 2560 1297 2627; x_wconf 89' lang='lat' dir='ltr'><strong>Adelwar-</strong></span> 
     </span>
     <span class='ocr_line' id='line_1_23' title="bbox 349 2661 640 2744; baseline -0.003 -19"><span class='ocrx_word' id='word_1_141' title='bbox 349 2663 430 2726; x_wconf 93' lang='lat' dir='ltr'><strong>dum</strong></span> <span class='ocrx_word' id='word_1_142' title='bbox 446 2661 640 2744; x_wconf 87' lang='lat' dir='ltr'><strong>sepelierat.</strong></span> 
     </span>
    </p>
   </div>
   <div class='ocr_carea' id='block_1_3' title="bbox 509 2855 1144 2903">
    <p class='ocr_par' dir='ltr' id='par_1_4' title="bbox 509 2855 1144 2903">
     <span class='ocr_line' id='line_1_24' title="bbox 509 2855 1144 2903; baseline -0.002 0"><span class='ocrx_word' id='word_1_143' title='bbox 509 2857 556 2903; x_wconf 88' lang='lat' dir='ltr'><strong>DE</strong></span> <span class='ocrx_word' id='word_1_144' title='bbox 580 2855 813 2903; x_wconf 83' lang='lat' dir='ltr'><strong>ETHELSTANO</strong></span> <span class='ocrx_word' id='word_1_145' title='bbox 837 2855 931 2902; x_wconf 79' lang='lat' dir='ltr'><strong>FILIO</strong></span> <span class='ocrx_word' id='word_1_146' title='bbox 955 2855 1144 2902; x_wconf 81' lang='lat' dir='ltr'><strong>EDWARDI.</strong></span> 
     </span>
    </p>
   </div>
   <div class='ocr_carea' id='block_1_4' title="bbox 186 2958 1297 3048">
    <p class='ocr_par' dir='ltr' id='par_1_5' title="bbox 186 2958 1297 3048">
     <span class='ocr_line' id='line_1_25' title="bbox 186 2958 1297 3048; baseline 0.005 -26"><span class='ocrx_word' id='word_1_147' title='bbox 186 2985 318 3034; x_wconf 66' lang='lat' dir='ltr'><strong>satanan,</strong></span> <span class='ocrx_word' id='word_1_148' title='bbox 399 2964 503 3048; x_wconf 66' lang='lat'>5131.</span> <span class='ocrx_word' id='word_1_149' title='bbox 520 2958 640 3028; x_wconf 76' lang='lat' dir='ltr'><strong>4Anno</strong></span> <span class='ocrx_word' id='word_1_150' title='bbox 660 2963 852 3028; x_wconf 86' lang='lat' dir='ltr'><strong>Dominicae</strong></span> <span class='ocrx_word' id='word_1_151' title='bbox 869 2964 1118 3027; x_wconf 88' lang='lat' dir='ltr'><strong>incarnationis</strong></span> <span class='ocrx_word' id='word_1_152' title='bbox 1140 2983 1297 3046; x_wconf 80' lang='lat' dir='ltr'><strong>nongen-</strong></span> 
     </span>
    </p>
   </div>
   <div class='ocr_carea' id='block_1_5' title="bbox 186 3035 1297 3146">
    <p class='ocr_par' dir='ltr' id='par_1_6' title="bbox 186 3035 1297 3146">
     <span class='ocr_line' id='line_1_26' title="bbox 186 3035 1297 3146; baseline 0 -18"><span class='ocrx_word' id='word_1_153' title='bbox 186 3035 295 3075; x_wconf 55' lang='lat' dir='ltr'><strong>A&#39;D&#39;m</strong></span> <span class='ocrx_word' id='word_1_154' title='bbox 348 3065 470 3128; x_wconf 86' lang='lat' dir='ltr'><strong>tesimo</strong></span> <span class='ocrx_word' id='word_1_155' title='bbox 494 3065 657 3129; x_wconf 88' lang='lat' dir='ltr'><strong>vicesimo</strong></span> <span class='ocrx_word' id='word_1_156' title='bbox 682 3070 818 3146; x_wconf 88' lang='lat' dir='ltr'><strong>quarto,</strong></span> <span class='ocrx_word' id='word_1_157' title='bbox 852 3064 1079 3128; x_wconf 89' lang='lat' dir='ltr'><strong>Ethelstanus</strong></span> <span class='ocrx_word' id='word_1_158' title='bbox 1109 3063 1200 3127; x_wconf 91' lang='lat' dir='ltr'><strong>filius</strong></span> <span class='ocrx_word' id='word_1_159' title='bbox 1226 3066 1297 3128; x_wconf 87' lang='lat' dir='ltr'><strong>Ed-</strong></span> 
     </span>
    </p>
   </div>
   <div class='ocr_carea' id='block_1_6' title="bbox 347 3296 1303 4274">
    <p class='ocr_par' dir='ltr' id='par_1_7' title="bbox 348 3296 1303 3432">
     <span class='ocr_line' id='line_1_27' title="bbox 384 3296 1303 3368; baseline -0.002 -19"><span class='ocrx_word' id='word_1_160' title='bbox 384 3296 577 3368; x_wconf 70' lang='lat' dir='ltr'><strong>¹Cridiensm]</strong></span> <span class='ocrx_word' id='word_1_161' title='bbox 590 3299 623 3351; x_wconf 74' lang='lat' dir='ltr'><strong>A.</strong></span> <span class='ocrx_word' id='word_1_162' title='bbox 634 3302 664 3349; x_wconf 85' lang='lat' dir='ltr'><strong>C.</strong></span> <span class='ocrx_word' id='word_1_163' title='bbox 673 3300 708 3349; x_wconf 89' lang='lat' dir='ltr'><strong>D.</strong></span> <span class='ocrx_word' id='word_1_164' title='bbox 718 3302 750 3350; x_wconf 88' lang='lat' dir='ltr'><strong>E.</strong></span> <span class='ocrx_word' id='word_1_165' title='bbox 759 3301 808 3360; x_wconf 87' lang='lat' dir='ltr'><strong>L.;</strong></span> <span class='ocrx_word' id='word_1_166' title='bbox 833 3314 863 3348; x_wconf 88' lang='lat' dir='ltr'><strong>as</strong></span> <span class='ocrx_word' id='word_1_167' title='bbox 884 3305 910 3348; x_wconf 93' lang='lat' dir='ltr'><strong>to</strong></span> <span class='ocrx_word' id='word_1_168' title='bbox 927 3299 969 3347; x_wconf 86' lang='lat' dir='ltr'><strong>the</strong></span> <span class='ocrx_word' id='word_1_169' title='bbox 986 3298 1071 3348; x_wconf 78' lang='lat' dir='ltr'><strong>feuda}</strong></span> <span class='ocrx_word' id='word_1_170' title='bbox 1092 3298 1254 3360; x_wconf 86' lang='lat' dir='ltr'><strong>dependence</strong></span> <span class='ocrx_word' id='word_1_171' title='bbox 1272 3299 1303 3350; x_wconf 85' lang='lat' dir='ltr'><strong>ol</strong></span> 
     </span>
     <span class='ocr_line' id='line_1_28' title="bbox 348 3369 1297 3432; baseline -0.003 -11"><span class='ocrx_word' id='word_1_172' title='bbox 348 3372 504 3421; x_wconf 87' lang='lat' dir='ltr'><strong>Cridieusem</strong></span> <span class='ocrx_word' id='word_1_173' title='bbox 516 3372 540 3418; x_wconf 91' lang='lat' dir='ltr'><strong>in</strong></span> <span class='ocrx_word' id='word_1_174' title='bbox 553 3371 678 3432; x_wconf 87' lang='lat' dir='ltr'><strong>Devonia,</strong></span> <span class='ocrx_word' id='word_1_175' title='bbox 690 3370 719 3419; x_wconf 83' lang='lat' dir='ltr'><strong>S.</strong></span> <span class='ocrx_word' id='word_1_176' title='bbox 833 3370 952 3419; x_wconf 90' lang='lat' dir='ltr'><strong>Scotlaud</strong></span> <span class='ocrx_word' id='word_1_177' title='bbox 969 3385 1001 3419; x_wconf 91' lang='lat' dir='ltr'><strong>on</strong></span> <span class='ocrx_word' id='word_1_178' title='bbox 1017 3370 1060 3418; x_wconf 86' lang='lat' dir='ltr'><strong>the</strong></span> <span class='ocrx_word' id='word_1_179' title='bbox 1077 3369 1185 3431; x_wconf 86' lang='lat' dir='ltr'><strong>English</strong></span> <span class='ocrx_word' id='word_1_180' title='bbox 1201 3385 1297 3432; x_wconf 85' lang='lat' dir='ltr'><strong>crown,</strong></span> 
     </span>
    </p>

    <p class='ocr_par' dir='ltr' id='par_1_8' title="bbox 350 3439 1298 3572">
     <span class='ocr_line' id='line_1_29' title="bbox 384 3439 1295 3504; baseline -0.001 -15"><span class='ocrx_word' id='word_1_181' title='bbox 384 3439 564 3504; x_wconf 60' lang='lat' dir='ltr'><strong>²Damarata]</strong></span> <span class='ocrx_word' id='word_1_182' title='bbox 582 3439 615 3488; x_wconf 74' lang='lat' dir='ltr'><strong>A.</strong></span> <span class='ocrx_word' id='word_1_183' title='bbox 629 3442 659 3489; x_wconf 86' lang='lat' dir='ltr'><strong>C.</strong></span> <span class='ocrx_word' id='word_1_184' title='bbox 672 3441 706 3489; x_wconf 91' lang='lat' dir='ltr'><strong>D.</strong></span> <span class='ocrx_word' id='word_1_185' title='bbox 718 3440 750 3486; x_wconf 89' lang='lat' dir='ltr'><strong>E.</strong></span> <span class='ocrx_word' id='word_1_186' title='bbox 762 3440 808 3499; x_wconf 87' lang='lat' dir='ltr'><strong>L.;</strong></span> <span class='ocrx_word' id='word_1_187' title='bbox 835 3441 904 3502; x_wconf 83' lang='lat' dir='ltr'><strong>King</strong></span> <span class='ocrx_word' id='word_1_188' title='bbox 932 3440 1045 3488; x_wconf 87' lang='lat' dir='ltr'><strong>Edward</strong></span> <span class='ocrx_word' id='word_1_189' title='bbox 1078 3439 1101 3488; x_wconf 93' lang='lat'><strong>1.</strong></span> <span class='ocrx_word' id='word_1_190' title='bbox 1135 3440 1223 3488; x_wconf 86' lang='lat' dir='ltr'><strong>issued</strong></span> <span class='ocrx_word' id='word_1_191' title='bbox 1253 3440 1295 3489; x_wconf 89' lang='lat' dir='ltr'><strong>his</strong></span> 
     </span>
     <span class='ocr_line' id='line_1_30' title="bbox 350 3510 1298 3572; baseline -0.001 -12"><span class='ocrx_word' id='word_1_192' title='bbox 350 3512 531 3560; x_wconf 87' lang='lat' dir='ltr'><strong>Dorcestraein</strong></span> <span class='ocrx_word' id='word_1_193' title='bbox 543 3526 610 3572; x_wconf 87' lang='lat' dir='ltr'><strong>pago</strong></span> <span class='ocrx_word' id='word_1_194' title='bbox 622 3511 741 3571; x_wconf 84' lang='lat' dir='ltr'><strong>Oxoniae,</strong></span> <span class='ocrx_word' id='word_1_195' title='bbox 752 3510 782 3559; x_wconf 86' lang='lat' dir='ltr'><strong>S.</strong></span> <span class='ocrx_word' id='word_1_196' title='bbox 832 3511 904 3558; x_wconf 85' lang='lat' dir='ltr'><strong>writs</strong></span> <span class='ocrx_word' id='word_1_197' title='bbox 929 3510 1011 3558; x_wconf 89' lang='lat' dir='ltr'><strong>under</strong></span> <span class='ocrx_word' id='word_1_198' title='bbox 1033 3510 1076 3558; x_wconf 87' lang='lat' dir='ltr'><strong>the</strong></span> <span class='ocrx_word' id='word_1_199' title='bbox 1098 3515 1170 3571; x_wconf 78' lang='lat' dir='ltr'><strong>great</strong></span> <span class='ocrx_word' id='word_1_200' title='bbox 1192 3511 1246 3558; x_wconf 88' lang='lat' dir='ltr'><strong>seal</strong></span> <span class='ocrx_word' id='word_1_201' title='bbox 1269 3511 1298 3559; x_wconf 85' lang='lat' dir='ltr'><strong>of</strong></span> 
     </span>
    </p>

    <p class='ocr_par' dir='ltr' id='par_1_9' title="bbox 347 3578 1298 4062">
     <span class='ocr_line' id='line_1_31' title="bbox 383 3578 1298 3644; baseline 0 -16"><span class='ocrx_word' id='word_1_202' title='bbox 383 3579 394 3612; x_wconf 74' lang='lat'>³</span> <span class='ocrx_word' id='word_1_203' title='bbox 420 3581 486 3629; x_wconf 77' lang='lat' dir='ltr'><strong>Ante</strong></span> <span class='ocrx_word' id='word_1_204' title='bbox 507 3580 691 3644; x_wconf 77' lang='lat' dir='ltr'><strong>quadriennium</strong></span> <span class='ocrx_word' id='word_1_205' title='bbox 701 3580 809 3640; x_wconf 81' lang='lat' dir='ltr'><strong>fratrem</strong></span> <span class='ocrx_word' id='word_1_206' title='bbox 833 3580 960 3643; x_wconf 79' lang='lat' dir='ltr'><strong>England,</strong></span> <span class='ocrx_word' id='word_1_207' title='bbox 970 3579 1109 3629; x_wconf 87' lang='lat' dir='ltr'><strong>addressed</strong></span> <span class='ocrx_word' id='word_1_208' title='bbox 1125 3585 1151 3627; x_wconf 92' lang='lat' dir='ltr'><strong>to</strong></span> <span class='ocrx_word' id='word_1_209' title='bbox 1167 3578 1210 3628; x_wconf 91' lang='lat' dir='ltr'><strong>the</strong></span> <span class='ocrx_word' id='word_1_210' title='bbox 1227 3581 1298 3641; x_wconf 90' lang='lat' dir='ltr'><strong>prin-</strong></span> 
     </span>
     <span class='ocr_line' id='line_1_32' title="bbox 348 3646 1296 3713; baseline -0.001 -12"><span class='ocrx_word' id='word_1_211' title='bbox 348 3646 525 3701; x_wconf 80' lang='lat' dir='ltr'><strong>Adelwardnm&#39;</strong></span> <span class='ocrx_word' id='word_1_212' title='bbox 538 3651 686 3713; x_wconf 76' lang='lat' dir='ltr'><strong>sepelierat]</strong></span> <span class='ocrx_word' id='word_1_213' title='bbox 705 3648 809 3698; x_wconf 80' lang='lat' dir='ltr'><strong>Aethel·</strong></span> <span class='ocrx_word' id='word_1_214' title='bbox 833 3651 900 3711; x_wconf 90' lang='lat' dir='ltr'><strong>cipal</strong></span> <span class='ocrx_word' id='word_1_215' title='bbox 918 3649 1061 3698; x_wconf 79' lang='lat' dir='ltr'><strong>cathedrale</strong></span> <span class='ocrx_word' id='word_1_216' title='bbox 1072 3649 1123 3698; x_wconf 90' lang='lat' dir='ltr'><strong>and</strong></span> <span class='ocrx_word' id='word_1_217' title='bbox 1133 3653 1296 3700; x_wconf 86' lang='lat' dir='ltr'><strong>monasteries</strong></span> 
     </span>
     <span class='ocr_line' id='line_1_33' title="bbox 348 3719 1295 3784; baseline -0.003 -13"><span class='ocrx_word' id='word_1_218' title='bbox 348 3723 444 3784; x_wconf 85' lang='lat' dir='ltr'><strong>weard,</strong></span> <span class='ocrx_word' id='word_1_219' title='bbox 466 3726 592 3782; x_wconf 84' lang='lat' dir='ltr'><strong>youngest</strong></span> <span class='ocrx_word' id='word_1_220' title='bbox 614 3735 659 3769; x_wconf 89' lang='lat' dir='ltr'><strong>son</strong></span> <span class='ocrx_word' id='word_1_221' title='bbox 688 3719 717 3767; x_wconf 85' lang='lat' dir='ltr'><strong>os</strong></span> <span class='ocrx_word' id='word_1_222' title='bbox 740 3720 810 3781; x_wconf 86' lang='lat' dir='ltr'><strong>King</strong></span> <span class='ocrx_word' id='word_1_223' title='bbox 833 3721 859 3768; x_wconf 88' lang='lat' dir='ltr'><strong>in</strong></span> <span class='ocrx_word' id='word_1_224' title='bbox 875 3720 918 3768; x_wconf 87' lang='lat' dir='ltr'><strong>the</strong></span> <span class='ocrx_word' id='word_1_225' title='bbox 936 3719 1209 3781; x_wconf 83' lang='lat' dir='ltr'><strong>realm,commauding</strong></span> <span class='ocrx_word' id='word_1_226' title='bbox 1226 3720 1295 3768; x_wconf 85' lang='lat' dir='ltr'><strong>them</strong></span> 
     </span>
     <span class='ocr_line' id='line_1_34' title="bbox 348 3790 1296 3853; baseline -0.003 -11"><span class='ocrx_word' id='word_1_227' title='bbox 348 3792 462 3853; x_wconf 83' lang='lat' dir='ltr'><strong>Aelfred,</strong></span> <span class='ocrx_word' id='word_1_228' title='bbox 469 3792 529 3840; x_wconf 89' lang='lat' dir='ltr'><strong>died</strong></span> <span class='ocrx_word' id='word_1_229' title='bbox 544 3792 600 3840; x_wconf 88' lang='lat' dir='ltr'><strong>16th</strong></span> <span class='ocrx_word' id='word_1_230' title='bbox 611 3790 809 3851; x_wconf 82' lang='lat' dir='ltr'><strong>October,A.D.</strong></span> <span class='ocrx_word' id='word_1_231' title='bbox 834 3796 859 3838; x_wconf 93' lang='lat' dir='ltr'><strong>to</strong></span> <span class='ocrx_word' id='word_1_232' title='bbox 867 3790 955 3839; x_wconf 85' lang='lat' dir='ltr'><strong>search</strong></span> <span class='ocrx_word' id='word_1_233' title='bbox 966 3791 1032 3838; x_wconf 88' lang='lat' dir='ltr'><strong>their</strong></span> <span class='ocrx_word' id='word_1_234' title='bbox 1042 3790 1181 3838; x_wconf 90' lang='lat' dir='ltr'><strong>chronicles</strong></span> <span class='ocrx_word' id='word_1_235' title='bbox 1193 3791 1243 3838; x_wconf 88' lang='lat' dir='ltr'><strong>and</strong></span> <span class='ocrx_word' id='word_1_236' title='bbox 1255 3805 1296 3839; x_wconf 85' lang='lat' dir='ltr'><strong>ar·</strong></span> 
     </span>
     <span class='ocr_line' id='line_1_35' title="bbox 347 3860 1295 3924; baseline -0.003 -12"><span class='ocrx_word' id='word_1_237' title='bbox 347 3868 412 3924; x_wconf 75' lang='lat'><strong>9223</strong></span> <span class='ocrx_word' id='word_1_238' title='bbox 428 3863 514 3911; x_wconf 86' lang='lat' dir='ltr'><strong>rather</strong></span> <span class='ocrx_word' id='word_1_239' title='bbox 524 3877 591 3910; x_wconf 88' lang='lat' dir='ltr'><strong>more</strong></span> <span class='ocrx_word' id='word_1_240' title='bbox 602 3862 663 3909; x_wconf 90' lang='lat' dir='ltr'><strong>thau</strong></span> <span class='ocrx_word' id='word_1_241' title='bbox 674 3866 725 3908; x_wconf 88' lang='lat' dir='ltr'><strong>two</strong></span> <span class='ocrx_word' id='word_1_242' title='bbox 735 3874 810 3921; x_wconf 82' lang='lat' dir='ltr'><strong>years</strong></span> <span class='ocrx_word' id='word_1_243' title='bbox 834 3860 919 3909; x_wconf 86' lang='lat' dir='ltr'><strong>chives</strong></span> <span class='ocrx_word' id='word_1_244' title='bbox 931 3860 970 3908; x_wconf 82' lang='lat' dir='ltr'><strong>for</strong></span> <span class='ocrx_word' id='word_1_245' title='bbox 980 3860 1016 3908; x_wconf 88' lang='lat' dir='ltr'><strong>all</strong></span> <span class='ocrx_word' id='word_1_246' title='bbox 1028 3865 1132 3909; x_wconf 87' lang='lat' dir='ltr'><strong>matters</strong></span> <span class='ocrx_word' id='word_1_247' title='bbox 1150 3860 1259 3922; x_wconf 78' lang='lat' dir='ltr'><strong>relating</strong></span> <span class='ocrx_word' id='word_1_248' title='bbox 1269 3866 1295 3909; x_wconf 92' lang='lat' dir='ltr'><strong>to</strong></span> 
     </span>
     <span class='ocr_line' id='line_1_36' title="bbox 348 3929 1296 3992; baseline -0.002 -10"><span class='ocrx_word' id='word_1_249' title='bbox 348 3933 432 3982; x_wconf 80' lang='lat' dir='ltr'><strong>before</strong></span> <span class='ocrx_word' id='word_1_250' title='bbox 451 3933 494 3982; x_wconf 86' lang='lat' dir='ltr'><strong>the</strong></span> <span class='ocrx_word' id='word_1_251' title='bbox 511 3933 587 3981; x_wconf 85' lang='lat' dir='ltr'><strong>death</strong></span> <span class='ocrx_word' id='word_1_252' title='bbox 606 3932 635 3980; x_wconf 83' lang='lat' dir='ltr'><strong>ot</strong></span> <span class='ocrx_word' id='word_1_253' title='bbox 650 3931 691 3979; x_wconf 91' lang='lat' dir='ltr'><strong>his</strong></span> <span class='ocrx_word' id='word_1_254' title='bbox 708 3929 810 3979; x_wconf 89' lang='lat' dir='ltr'><strong>brother</strong></span> <span class='ocrx_word' id='word_1_255' title='bbox 834 3931 962 3992; x_wconf 88' lang='lat' dir='ltr'><strong>Scotland,</strong></span> <span class='ocrx_word' id='word_1_256' title='bbox 973 3931 1024 3979; x_wconf 88' lang='lat' dir='ltr'><strong>aud</strong></span> <span class='ocrx_word' id='word_1_257' title='bbox 1034 3936 1060 3979; x_wconf 93' lang='lat' dir='ltr'><strong>to</strong></span> <span class='ocrx_word' id='word_1_258' title='bbox 1071 3931 1188 3979; x_wconf 83' lang='lat' dir='ltr'><strong>transmit</strong></span> <span class='ocrx_word' id='word_1_259' title='bbox 1197 3930 1240 3978; x_wconf 91' lang='lat' dir='ltr'><strong>the</strong></span> <span class='ocrx_word' id='word_1_260' title='bbox 1256 3945 1296 3980; x_wconf 86' lang='lat' dir='ltr'><strong>re·</strong></span> 
     </span>
     <span class='ocr_line' id='line_1_37' title="bbox 348 4001 1295 4062; baseline -0.001 -11"><span class='ocrx_word' id='word_1_261' title='bbox 348 4003 501 4052; x_wconf 88' lang='lat' dir='ltr'><strong>Eadweard.</strong></span> <span class='ocrx_word' id='word_1_262' title='bbox 834 4002 898 4049; x_wconf 87' lang='lat' dir='ltr'><strong>sults</strong></span> <span class='ocrx_word' id='word_1_263' title='bbox 909 4006 935 4049; x_wconf 90' lang='lat' dir='ltr'><strong>to</strong></span> <span class='ocrx_word' id='word_1_264' title='bbox 945 4001 1070 4062; x_wconf 78' lang='lat' dir='ltr'><strong>the&#39;lring.</strong></span> <span class='ocrx_word' id='word_1_265' title='bbox 1098 4001 1151 4049; x_wconf 88' lang='lat' dir='ltr'><strong>The</strong></span> <span class='ocrx_word' id='word_1_266' title='bbox 1160 4001 1295 4050; x_wconf 85' lang='lat' dir='ltr'><strong>certificate</strong></span> 
     </span>
    </p>

    <p class='ocr_par' dir='ltr' id='par_1_10' title="bbox 347 4069 1297 4274">
     <span class='ocr_line' id='line_1_38' title="bbox 382 4069 1296 4122; baseline 0 -1"><span class='ocrx_word' id='word_1_267' title='bbox 382 4070 472 4122; x_wconf 78' lang='lat' dir='ltr'><strong>⁴Anno</strong></span> <span class='ocrx_word' id='word_1_268' title='bbox 483 4071 618 4121; x_wconf 82' lang='lat' dir='ltr'><strong>Dominicoe</strong></span> <span class='ocrx_word' id='word_1_269' title='bbox 635 4069 810 4118; x_wconf 69' lang='lat' dir='ltr'><strong>inchoationis</strong></span> <span class='ocrx_word' id='word_1_270' title='bbox 834 4076 889 4119; x_wconf 85' lang='lat' dir='ltr'><strong>sent</strong></span> <span class='ocrx_word' id='word_1_271' title='bbox 906 4086 938 4119; x_wconf 91' lang='lat' dir='ltr'><strong>on</strong></span> <span class='ocrx_word' id='word_1_272' title='bbox 956 4071 1010 4119; x_wconf 89' lang='lat' dir='ltr'><strong>that</strong></span> <span class='ocrx_word' id='word_1_273' title='bbox 1028 4072 1145 4120; x_wconf 81' lang='lat' dir='ltr'><strong>occasion</strong></span> <span class='ocrx_word' id='word_1_274' title='bbox 1167 4070 1230 4119; x_wconf 79' lang='lat' dir='ltr'><strong>from</strong></span> <span class='ocrx_word' id='word_1_275' title='bbox 1253 4071 1296 4121; x_wconf 89' lang='lat' dir='ltr'><strong>the</strong></span> 
     </span>
     <span class='ocr_line' id='line_1_39' title="bbox 347 4140 1296 4204; baseline 0 -14"><span class='ocrx_word' id='word_1_276' title='bbox 347 4144 526 4204; x_wconf 81' lang='lat' dir='ltr'><strong>nongentesimo</strong></span> <span class='ocrx_word' id='word_1_277' title='bbox 553 4141 666 4191; x_wconf 81' lang='lat' dir='ltr'><strong>vicesimo</strong></span> <span class='ocrx_word' id='word_1_278' title='bbox 693 4140 808 4202; x_wconf 79' lang='lat' dir='ltr'><strong>quarta]</strong></span> <span class='ocrx_word' id='word_1_279' title='bbox 833 4147 974 4202; x_wconf 85' lang='lat' dir='ltr'><strong>monastery</strong></span> <span class='ocrx_word' id='word_1_280' title='bbox 997 4141 1026 4190; x_wconf 81' lang='lat' dir='ltr'><strong>ol</strong></span> <span class='ocrx_word' id='word_1_281' title='bbox 1045 4141 1219 4202; x_wconf 87' lang='lat' dir='ltr'><strong>Malmesbury</strong></span> <span class='ocrx_word' id='word_1_282' title='bbox 1237 4156 1296 4190; x_wconf 83' lang='lat' dir='ltr'><strong>eon·</strong></span> 
     </span>
     <span class='ocr_line' id='line_1_40' title="bbox 347 4212 1297 4274; baseline 0.001 -13"><span class='ocrx_word' id='word_1_283' title='bbox 347 4213 449 4274; x_wconf 78' lang='lat' dir='ltr'><strong>During</strong></span> <span class='ocrx_word' id='word_1_284' title='bbox 463 4213 506 4261; x_wconf 89' lang='lat' dir='ltr'><strong>the</strong></span> <span class='ocrx_word' id='word_1_285' title='bbox 523 4213 634 4262; x_wconf 86' lang='lat' dir='ltr'><strong>national</strong></span> <span class='ocrx_word' id='word_1_286' title='bbox 649 4215 808 4270; x_wconf 86' lang='lat' dir='ltr'><strong>controversy</strong></span> <span class='ocrx_word' id='word_1_287' title='bbox 834 4213 899 4262; x_wconf 83' lang='lat' dir='ltr'><strong>taius</strong></span> <span class='ocrx_word' id='word_1_288' title='bbox 927 4213 986 4273; x_wconf 89' lang='lat' dir='ltr'><strong>only</strong></span> <span class='ocrx_word' id='word_1_289' title='bbox 1012 4217 1063 4260; x_wconf 89' lang='lat' dir='ltr'><strong>two</strong></span> <span class='ocrx_word' id='word_1_290' title='bbox 1091 4212 1151 4274; x_wconf 78' lang='lat' dir='ltr'><strong>long</strong></span> <span class='ocrx_word' id='word_1_291' title='bbox 1178 4217 1297 4273; x_wconf 84' lang='lat' dir='ltr'><strong>excerpts</strong></span> 
     </span>
    </p>
   </div>
   <div class='ocr_carea' id='block_1_7' title="bbox 0 0 1434 4890">
    <p class='ocr_par' dir='ltr' id='par_1_11' title="bbox 0 0 1434 4890">
     <span class='ocr_line' id='line_1_41' title="bbox 0 0 1434 4890; baseline 0 4"><span class='ocrx_word' id='word_1_292' title='bbox 0 0 1434 4890; x_wconf 95' lang='lat' dir='ltr'><strong> </strong></span> 
     </span>
    </p>
   </div>
  </div>
 </body>
</html>
