2858 4890
361 382 426 446 242
586 394 699 442 cnsrs
724 394 850 441 nnouu
875 393 1089 442 nunnonuu.
1170 377 1259 458 [ura.
1276 391 1319 438 11.

363 561 494 620 sanctae
522 552 589 617 Dei
615 551 770 615 ecclesiae
797 549 940 613 maculis
964 549 1188 632 reproborum
1216 546 1319 610 dissi·

365 662 469 737 patur
492 660 527 716 et
553 652 733 733 rumpitur.
792 650 924 714 Iccirco
952 649 1170 732 profuturum
1198 666 1319 711 succe-

366 922 445 971 papa,
469 907 571 969 gloriosi
593 907 733 969 Anglorum
761 906 829 967 regis
854 905 979 964 firmavit3
1005 905 1143 966 eodemque
1167 918 1243 966 anno,
1271 903 1318 964 qui

369 978 475 1039 Edgari,
486 992 532 1026 nec
548 991 597 1026 non
608 981 633 1026 et
644 981 738 1026 sanctae
747 975 830 1024 Doro·
854 975 904 1023 fuit
921 975 1126 1036 nongentesimus
1140 974 1318 1036 sexagesimus

369 1049 498 1096 vernensis
509 1048 624 1096 ecclesiae
640 1047 830 1107 archipraesulis
854 1045 959 1106 quintus
970 1044 1111 1093 Dominicae
1128 1044 1319 1105 incarnationis,

370 1117 510 1179 Dunstani,
520 1119 645 1166 submisso
657 1117 774 1178 pulsatus
791 1130 831 1164 ro-
854 1129 924 1175 papa
938 1115 1069 1165 Johannes
1088 1115 1176 1163 Romae
1195 1115 1221 1161 in
1241 1129 1318 1175 gene-

370 1192 432 1250 gatu
443 1203 489 1250 pro
499 1189 650 1237 monasterio
667 1190 761 1235 sanctae
774 1185 831 1234 Ma·
855 1185 903 1233 rali
921 1185 1018 1246 synodo
1035 1184 1214 1244 auctorizavit3
1241 1198 1320 1232 cunc·

371 1256 750 1318 riae,videlicetGlastingebiri,
763 1257 831 1316 quod
856 1259 947 1314 tosque
974 1255 1078 1316 potioris
1102 1254 1244 1316 dignitatis,
1271 1255 1318 1315 qui

371 1326 423 1388 ipsi
433 1328 484 1375 acti
500 1342 583 1376 amore
594 1328 697 1388 superni
709 1327 788 1388 Regis
804 1326 831 1374 in
855 1324 1014 1387 praefuerunt
1023 1324 1105 1372 eidem
1116 1324 1223 1373 concilio
1241 1337 1318 1386 gene-

371 1396 459 1445 multis
476 1400 502 1444 et
519 1398 618 1459 magnis
628 1396 831 1458 possessionibus
855 1395 913 1456 ruli,
935 1409 967 1443 ea
987 1395 1146 1443 corroborare
1173 1395 1317 1454 imperavit.

371 1466 523 1526 ditaverant,
557 1467 735 1516 monachorum
768 1466 831 1514 inibi
857 1465 1020 1526 Perpendant
1047 1478 1107 1525 ergo
1134 1468 1317 1524 contemptores

372 1536 570 1597 multiplicantes
587 1550 832 1598 normam,proecep-
856 1539 932 1583 tantae
968 1533 1186 1594 interminationis,
1213 1537 1316 1594 quantos

372 1610 448 1666 toque
459 1607 540 1666 regali
550 1606 717 1664 firmaverant,
727 1605 795 1666 quod
806 1610 832 1653 et
856 1605 1004 1666 subjaceant
1022 1603 1153 1653 sententiae
1172 1618 1317 1652 excommu-

372 1675 428 1737 ipse
437 1674 521 1724 facere
537 1689 587 1724 non
603 1675 726 1724 differam.
763 1675 832 1726 Quo·
855 1675 1005 1723 nicationis:
1022 1674 1160 1735 etquidem
1175 1675 1250 1724 beato
1262 1674 1315 1722 Pe·

372 1759 428 1793 rum
439 1745 700 1806 assentiensbenignae
708 1745 832 1807 petitioni,
855 1748 894 1791 tro
915 1745 1029 1805 apostolo
1055 1744 1165 1805 principi
1189 1744 1317 1805 apostolo-

372 1813 399 1861 in
409 1815 467 1863 sinu
478 1815 599 1863 Romanae
610 1814 726 1864 ecclesiae
737 1818 763 1862 et
773 1815 832 1863 bea-
856 1813 1042 1875 rum,Christus
1048 1813 1145 1875 ligandi
1152 1813 1318 1874 solvendique

372 1888 455 1932 torum
482 1885 651 1945 apostolorum
677 1885 832 1945 protectione
856 1883 1316 1944 praesulatum,clavesqueregnicoe·

372 1955 480 2003 eundern
490 1955 574 2004 locum
588 1955 710 2016 suscipio,
720 1958 745 2002 et
756 1956 833 2016 privi-
856 1953 946 2015 lorum,
954 1953 1030 2001 simul
1035 1953 1148 2001 tradidit.
1161 1952 1262 2014 Cuique
1270 1967 1317 2002 au-

371 2022 447 2085 legiis
463 2029 549 2073 astruo
567 2029 594 2072 et
610 2025 757 2084 corrobom3
781 2039 832 2085 quo
855 2026 906 2071 tem
928 2028 1026 2071 constat
1047 2023 1211 2084 perspicuum
1238 2027 1316 2083 atque

372 2093 421 2142 fine
436 2098 520 2155 tenus,
530 2095 557 2142 in
568 2109 598 2142 eo
609 2109 660 2155 quo
671 2109 737 2143 nunc
754 2095 833 2155 pollet
855 2093 968 2154 evidens,
979 2092 1047 2153 quod
1065 2092 1143 2153 hujus
1160 2092 1267 2153 apostoli
1280 2093 1318 2140 vi·

372 2168 518 2222 permaneat
559 2164 700 2213 monachali
734 2164 830 2213 ordine.
855 2163 949 2224 carius,
959 2163 1142 2224 potestatisque
1157 2163 1316 2223 potissimum

373 2231 479 2293 Ipsique
506 2234 621 2282 monachi
644 2234 676 2282 de
698 2233 752 2282 suis
782 2235 830 2282 sibi
855 2233 888 2280 sit
898 2232 1239 2294 haeres,Romanaeecclesiae
1250 2247 1318 2294 prae·

373 2301 510 2350 adhibeant
527 2308 661 2363 pastorem.
698 2302 832 2352 Ordinatio
856 2302 950 2353 sidens.
987 2302 1058 2350 Huic
1077 2307 1172 2351 sanctae
1188 2304 1315 2352 memoriae

373 2385 432 2419 vero
443 2376 495 2420 tam
506 2372 683 2421 monachorum
695 2387 771 2433 quam
782 2374 832 2422 cle·
855 2372 985 2420 Johannes
1018 2371 1182 2420 laudabiliter
1212 2373 1318 2433 praefuit

372 2441 481 2490 nieorum
502 2442 529 2490 in
551 2443 654 2491 arbitrio
683 2443 783 2491 abbatis
807 2448 833 2491 et
857 2456 904 2490 suo
920 2446 1041 2503 tempore,
1057 2446 1087 2489 ut
1105 2441 1232 2503 hodieque
1246 2444 1317 2505 viget

372 2512 562 2562 conventussit.
580 2512 832 2561 Decernimusetiam
857 2511 966 2573 gloriosa
986 2511 1167 2572 recordatione,
1185 2518 1317 2574 promotus

371 2585 402 2629 ut
411 2582 476 2631 nulli
486 2582 719 2631 omninohominum
727 2583 832 2632 eandem
857 2581 890 2629 ad
901 2582 929 2629 id
940 2581 992 2631 Dei
1001 2582 1129 2642 totiusque
1140 2583 1230 2642 populi
1247 2584 1316 2632 elec-

371 2650 832 2714 insulamplacitandicansa,velali·
856 2653 933 2708 tione.
968 2652 996 2701 Si
1017 2666 1077 2713 ergo
1099 2650 1227 2700 decretum
1248 2654 1320 2702 beati

372 2723 435 2782 quid
455 2723 526 2771 aliud
544 2723 580 2771 ibi
597 2724 772 2784 perscrutandi
788 2728 833 2772 ant
857 2722 929 2770 Petri
939 2722 1048 2783 apostoli
1056 2726 1149 2783 ratum,
1159 2736 1317 2783 cousequen-

372 2792 522 2854 corrigendi,
532 2794 626 2841 intrare
636 2793 720 2841 liceat.
738 2793 766 2841 Si
774 2795 832 2853 quis
856 2797 895 2840 ter
904 2797 931 2841 et
940 2792 1064 2841 Johannis
1075 2792 1208 2852 apostolici
1224 2798 1318 2842 ratum.

372 2866 457 2911 autern
468 2863 495 2910 id
506 2863 608 2911 molitus
615 2863 693 2911 fuerit
699 2864 833 2925 contraire,
856 2862 907 2911 Sed
918 2877 990 2911 nemo
1001 2863 1041 2911 vel
1052 2862 1155 2911 demens
1165 2867 1248 2912 ratum
1259 2879 1317 2913 esse

372 2936 417 2980 aut
433 2931 605 2994 possessiones
622 2933 734 2994 ejusdem
753 2933 834 2982 eccle·
858 2932 929 2980 Petri
954 2933 1062 2993 apostoli
1085 2933 1215 2982 decretum
1240 2935 1319 2983 dene·

373 3002 420 3050 siae
443 3003 551 3063 auferre,
572 3004 689 3064 retinere,
711 3003 833 3065 minuere,
857 3006 917 3064 gat3
938 3017 1010 3051 nemo
1031 3003 1110 3064 igitur
1131 3017 1201 3052 sanae
1226 3005 1319 3054 mentis

373 3072 415 3120 rel
433 3073 573 3122 temerariis
584 3073 760 3121 vexationibus
774 3073 833 3121 fati-
857 3072 980 3121 dissimile
992 3071 1043 3121 fore
1053 3071 1178 3122 Johannis
1184 3075 1319 3133 apostolici

374 3155 445 3203 gare,
462 3157 495 3190 ex
509 3144 659 3191 auctoritate
675 3142 726 3191 Dei
738 3143 834 3206 Patris,
857 3142 986 3190 decretum
1011 3147 1145 3203 repugnat.
1191 3145 1248 3192 Aut
1273 3145 1319 3193 isti

375 3214 401 3260 et
415 3212 485 3273 Filii,
495 3217 521 3260 et
531 3212 641 3272 Spiritus
656 3213 751 3273 Sancti,
761 3227 834 3263 sanc·
857 3213 943 3273 itaque
962 3212 1126 3261 concedentes
1147 3213 1222 3262 beato
1240 3215 1320 3263 Petro

375 3285 459 3342 taeque
475 3281 526 3330 Dei
543 3282 670 3343 genitricis
685 3282 787 3345 Mariae,
803 3298 834 3332 ac
858 3284 963 3343 suisque
988 3283 1177 3331 successoribus
1200 3283 1319 3332 collatam

375 3355 517 3400 sanctorum
535 3352 703 3412 apostolorum
722 3352 793 3401 Petri
808 3359 835 3402 et
858 3367 874 3400 a
908 3352 1010 3402 Christo
1042 3356 1200 3414 potestatem,
1233 3357 1318 3403 mms-

375 3420 464 3482 Panli,
490 3423 651 3482 omniumque
681 3428 834 3483 sanctorum,
858 3422 929 3482 gredi
951 3423 1087 3471 cessabunt
1113 3424 1176 3471 tanti
1198 3423 1319 3474 interdic·

375 3495 505 3550 perpetuae
525 3492 559 3539 sit
575 3491 694 3541 addictus
715 3488 835 3542 maledic-
857 3495 900 3540 tus
934 3493 1129 3553 auctoritatem
1156 3497 1201 3542 aut
1232 3495 1318 3544 flocci-

374 3559 447 3621 tioni,
463 3561 513 3609 nisi
529 3562 673 3623 resipuerit.
709 3562 834 3612 Omnibus
857 3562 1004 3624 pendentes,
1039 3577 1097 3612 cum
1140 3563 1241 3612 diabolo
1275 3579 1320 3613 su·

374 3643 434 3679 vero
451 3631 533 3679 eidem
555 3632 610 3680 loco
624 3634 698 3693 justa
714 3636 835 3682 servanti-
857 3633 930 3692 isque
960 3631 1126 3693 eomplicibus
1159 3634 1317 3697 proscriptae

374 3698 423 3748 bus
441 3700 475 3748 sit
491 3715 544 3762 pax
556 3701 659 3750 Domini
673 3703 753 3750 nostri
769 3704 834 3753 Jesu
856 3702 1041 3751 maledictionis
1055 3703 1105 3752 sibl
1116 3703 1250 3765 adquirent
1260 3719 1319 3766 per-

375 3767 479 3832 Christi,
498 3770 589 3821 Amen.
625 3772 771 3833 Nostraque
790 3774 833 3823 sti·
857 3773 1013 3832 petuitatem.
1053 3773 1159 3822 Constet
1190 3787 1250 3835 ergo
1275 3789 1323 3834 neq

373 3839 472 3899 puletio
493 3840 642 3891 inconvulsa
662 3843 835 3903 permaneat.”
857 3842 949 3890 minem
975 3846 1152 3892 extraneorum
1172 3843 1240 3892 idem
1262 3859 1318 3893 coe-

373 3908 467 3958 Actum
478 3913 589 3972 tempore
600 3911 753 3960 Aeliuuardi
767 3915 834 3975 ejus·
857 3913 960 3960 nobium
981 3913 1031 3961 sibi
1047 3912 1220 3975 praeripuisse,
1242 3928 1318 3974 quem

373 3974 430 4028 dem
441 3981 586 4030 monasterii
597 3982 704 4032 abbatis.
857 3997 906 4031 non
932 3983 1071 4032 constiterit
1093 3982 1151 4049 (nec
1168 3984 1222 4032 sine
1239 3984 1319 4034 dede-

407 4048 498 4098 ‘Haec
520 4051 599 4112 igitur
628 4052 765 4112 praedictus
787 4067 832 4101 rex
858 4048 927 4115 core)
944 4054 1078 4113 amisisse;
1094 4053 1216 4114 nullaque
1233 4069 1320 4104 mona-

371 4117 490 4180 Edgarus
509 4120 658 4169 duodecimo
678 4136 743 4170 anno
760 4125 832 4184 regni
857 4121 961 4171 chorum
982 4123 1175 4183 machinatione,
1196 4123 1242 4173 sed
1266 4125 1319 4174 Dei

370 4190 412 4237 sui
429 4203 501 4239 sacro
517 4191 611 4252 scripto
622 4191 763 4241 Lundoniae
774 4207 832 4242 con·
851 4193 952 4253 judicio
963 4195 996 4243 oh
1003 4198 1097 4244 sanctos
1109 4195 1267 4244 auctoritatis
1277 4196 1319 4244 ul·
