2858 4882
303 326 369 391 350
527 339 641 389 cnara
664 339 793 389 arcun
815 338 1030 389 uuonouun.
1108 323 1197 407 [mr.
1213 340 1257 389 11.

305 495 545 561 conciliabula.
596 495 635 561 Si
651 496 853 573 renuissem,
871 514 976 579 quam
992 494 1256 561 excusationem

306 597 383 661 Deo
410 597 578 674 afferrem,
594 616 673 661 cum
687 597 876 680 imperator
896 614 978 660 suas
998 596 1037 661 in
1059 615 1116 660 me
1135 603 1255 679 partes

306 697 514 761 refudisset?
538 697 703 762 Viderem
716 696 845 760 oaedem
862 694 1179 773 civium,damnu1n
1192 714 1254 779 pa·

307 797 533 887 regrinorum,
560 804 596 861 et
623 797 869 863 dormitaromt
919 793 1032 879 Atqui
1053 796 1115 879 qui
1141 795 1256 879 parcit

306 897 446 974 latroni,
472 896 597 962 occidit
618 897 848 962 innocentem.
890 894 959 959 Sed
980 895 1165 980 objicietur
1184 914 1256 961 non

308 1016 384 1062 esse
406 997 595 1061 sacerdotis
617 1003 658 1060 ut
681 1015 720 1060 se
736 995 831 1060 caede
848 995 1033 1080 cujuslibet
1045 994 1257 1073 immaculet,

309 1104 344 1161 et
357 1116 423 1177 ego
438 1095 608 1161 conoedoz
626 1090 681 1160 ¹at
694 1095 754 1160 ille
770 1115 808 1160 se
825 1114 893 1160 non
909 1096 1069 1179 inquinat
1083 1095 1157 1179 qui,
1172 1114 1256 1160 son·

309 1202 379 1259 tem
409 1215 580 1278 premens,
603 1196 775 1261 insontem
803 1195 948 1275 liberat;
970 1194 1052 1272 imo,
1079 1214 1163 1259 uero
1184 1196 1257 1259 imo

309 1296 415 1372 beati,
442 1297 502 1379 qui
527 1295 726 1361 custodiunt
743 1295 915 1381 judicium
936 1301 972 1359 et
996 1294 1129 1359 faciunt
1150 1294 1258 1379 justi·
1328 1290 1334 1297 ’

310 1395 395 1459 tiam
411 1396 556 1460 inomni
578 1403 743 1478 tempore.
796 1394 1000 1460 Sacerdotes
1015 1392 1168 1472 fuerunt,
1182 1413 1258 1459 am·

310 1495 466 1578 plissima
503 1495 606 1560 laude
636 1495 771 1583 famosi,
802 1494 927 1559 Finees
960 1501 996 1559 et
1024 1493 1257 1572 Mathathias,

312 1596 413 1659 ambo
435 1614 536 1659 sacra
558 1596 650 1659 tiara
666 1595 814 1660 frontem
829 1593 999 1676 insigniti,
1023 1594 1126 1659 ambo
1140 1612 1258 1663 sacer·

311 1694 485 1759 dotalibus
515 1694 616 1759 stolis
647 1695 776 1773 amicti,
806 1695 907 1758 amho
933 1700 1052 1759 tamen
1082 1694 1120 1759 in
1145 1692 1258 1759 dalin-

311 1802 457 1876 quentes
482 1814 586 1858 manu
615 1795 681 1859 ulti
708 1801 800 1860 sunt.
851 1787 967 1859 ²Alter
987 1812 1153 1859 venereos
1182 1812 1259 1859 am-

310 1894 435 1976 plexus
456 1895 607 1977 pugione
629 1894 799 1959 confodit:
823 1893 913 1958 alter
935 1893 1171 1959 immolantem
1191 1892 1260 1959 im-

311 1995 484 2059 molatitio
499 1995 613 2058 cruori
628 1993 853 2058 commiscuit.
905 1992 944 2057 Si
959 1993 1038 2077 ipsi,
1053 1994 1155 2077 quasi
1169 1994 1259 2077 spis·

312 2113 370 2157 sas
386 2094 473 2174 legis
488 2095 650 2158 tenebras
663 2094 860 2177 palpantes,
875 2113 939 2176 pro
958 2094 1046 2176 ipsis
1057 2092 1263 2159 umbraticis

313 2193 487 2276 mysteriis
513 2194 587 2257 zelo
612 2194 730 2259 divino
756 2193 890 2258 efferati
912 2200 1006 2271 sunt,
1034 2210 1110 2272 nos,
1138 2199 1264 2276 aperta

314 2292 428 2357 fronte
442 2293 624 2358 veritatem
639 2300 854 2370 contuentes,
869 2292 1042 2376 patiemur
1055 2311 1156 2358 sacra
1178 2312 1260 2357 nos·

313 2400 370 2457 tra
383 2391 619 2475 prophanari?
652 2387 810 2458 ³Azarias
827 2392 988 2457 sacerdos
1002 2412 1119 2476 regem
1137 2391 1263 2457 Oziam

314 2492 568 2558 thurificantem
585 2493 741 2577 expulit3
764 2500 800 2557 et
822 2492 1048 2575 proculdubio
1070 2512 1141 2557 non
1162 2492 1265 2558 dubi·

314 2600 424 2657 tasset
463 2593 630 2670 occidere,
667 2591 734 2656 nisi
769 2593 828 2656 ille
866 2593 1092 2657 accelerasset
1127 2592 1263 2658 oodere.

315 2691 493 2756 Praevenit
518 2692 748 2774 episcopalem
772 2711 912 2755 manum
938 2692 1044 2775 plaga
1069 2692 1199 2769 divina,
1221 2700 1264 2758 ut

315 2792 413 2875 lepra
436 2792 679 2874 depasceretur
702 2793 796 2857 illius
822 2792 970 2856 cadaver
996 2792 1095 2876 cujus
1126 2792 1264 2857 animus

316 2891 513 2957 anhelasset
526 2892 657 2957 illicita.
710 2892 907 2956 Deturbata
921 2891 988 2956 fuit
1003 2893 1095 2974 regis
1109 2892 1265 2970 devotio,

316 2999 352 3056 ot
375 3011 445 3055 non
470 2991 710 3057 deturbabitur
738 2991 884 3056 latronis
914 2991 1080 3056 ambitio?
1132 2991 1266 3056 Parum

317 3092 476 3174 estquod
495 3111 636 3170 excuso,
651 3093 766 3156 sinon
780 3099 815 3156 et
831 3091 969 3155 laudem
985 3091 1115 3157 sactum
1136 3111 1265 3157 meum.

318 3190 459 3255 Contuli
484 3192 576 3255 enim
596 3191 666 3255 illis
683 3192 887 3258 beneficium
903 3192 1028 3273 quibus
1043 3192 1163 3256 videor
1182 3211 1267 3256 con·

317 3291 438 3355 tulisse
456 3292 612 3368 exitium,
634 3311 775 3374 poenam
797 3291 906 3355 minui
922 3291 982 3375 qni
1001 3300 1146 3355 mortem
1166 3310 1267 3356 acco·

317 3388 437 3454 leravi.
498 3390 694 3456 Sceleratus
721 3392 823 3468 enim,
852 3399 984 3475 quanto
1017 3393 1097 3474 plus
1127 3391 1268 3470 vixerit,

317 3495 417 3552 tanto
428 3488 506 3571 plus
521 3492 697 3572 peccabit3
717 3492 784 3555 nisi
798 3491 887 3555 forte
897 3483 1037 3574 4aliquis
1050 3511 1153 3573 quem
1169 3491 1269 3555 Deus

354 3770 412 3821 ¹At
428 3772 469 3821 ille
487 3789 512 3822 se
530 3772 726 3835 111111ᾳαί111]
744 3772 779 3821 D.
805 3773 838 3820 E.
861 3771 910 3831 t.;
932 3774 958 3819 at
978 3769 1117 3818 Zacharias
1139 3769 1271 3831 sacerdos,

320 3843 353 3894 Ε.
364 3859 371 3902 ;
384 3844 406 3891 si
417 3843 460 3891 ille
472 3858 499 3892 se
510 3844 635 3903 inquinat,
643 3841 677 3891 A.
686 3842 780 3891 SM.
808 3843 829 3890 C
844 3845 886 3900 1.;
908 3845 935 3889 at
953 3840 1092 3888 Zacharias
1114 3839 1272 3902 sacerdotes,

355 3910 449 3961 2Alter
535 3912 704 3974 conmiserat]
733 3912 781 3960 See
808 3913 868 3960 Cl.
905 3908 965 3975 (See
987 3914 1002 3959 2
1025 3909 1118 3959 Chron.
1143 3923 1167 3958 c.
1194 3921 1271 3963 xxvl.

320 3983 426 4043 Joseph.
438 3982 526 4043 Antiq.
538 3983 601 4032 Jud.
617 3983 663 4031 lib.
676 3995 712 4031 1v.
724 3997 746 4030 c.
756 3985 781 4042 6,
808 3978 930 4044 16-21.)
1050 4040 1053 4044 ι

320 4053 334 4114 b
346 4057 386 4111 12,
398 4052 448 4100 and
458 4053 503 4102 lib.
516 4065 565 4101 xri.
578 4068 601 4101 c.
613 4057 639 4112 6,
650 4053 663 4114 ξ
674 4056 699 4100 1.
840 4048 984 4112 4111111111]
1003 4051 1033 4100 G.
1045 4049 1080 4098 D.
1093 4050 1126 4098 E.
1138 4063 1145 4108 ;
1163 4049 1273 4099 omitted

355 4120 482 4171 ³Azorius
501 4117 632 4189 11111111]
650 4121 683 4172 Α.
703 4121 731 4171 S.
745 4121 780 4170 D.
805 4121 832 4168 in
844 4118 878 4169 A.
890 4119 919 4169 S.
932 4119 963 4169 L.
