2858 4890
335 367 400 433 lez
564 382 677 432 casm
700 382 827 432 ancum
851 384 1066 434 succorum.
1161 369 1246 452 [nm.
1263 388 1288 434 1.

335 543 466 609 viribus
481 561 615 627 semper
628 543 826 627 amplector.
880 544 991 608 Decet
1004 544 1095 608 enim
1106 543 1197 608 inter
1210 552 1288 609 tan-

336 652 392 709 tas
421 647 594 727 personas
617 644 702 708 fides
731 651 854 708 sancta
883 645 1025 722 servari,
1053 651 1089 725 et
1121 645 1290 710 inviolata

337 744 465 808 caritas
479 744 644 809 custodiri
658 765 666 824 ;
691 745 773 828 quia
789 752 937 828 paterna
948 745 1061 829 pietas
1076 744 1224 808 filiorum
1239 745 1290 809 se-

336 845 451 909 licitas
464 846 500 908 in
517 845 593 909 Deo
612 863 688 909 esse
709 846 879 910 credenda
893 855 958 924 est,
981 839 1189 909 lsecundum
1203 846 1289 911 illud

339 945 509 1024 Ezechiae,
519 946 653 1010 “Pater
661 945 741 1009 filiis
751 954 869 1010 notam
878 946 982 1010 saciet
990 946 1172 1010 veritatem
1181 953 1289 1024 tuam,

338 1045 522 1111 Domine.’'
575 1046 619 1110 In
633 1046 757 1128 quibus
771 1047 886 1110 verbis
901 1054 937 1111 te
951 1046 1115 1133 (amande
1136 1044 1290 1132 genitor)

337 1145 496 1229 imploro,
526 1153 566 1210 ut
593 1146 663 1210 filio
686 1156 759 1224 tuo,
783 1153 855 1210 tam
879 1147 909 1210 si
931 1146 1087 1228 indigno,
1109 1148 1289 1212 veritatem

338 1246 481 1311 Domini
504 1248 573 1312 tuis
586 1247 700 1312 verbis
716 1247 945 1311 sacrosanctis
959 1254 1079 1311 notam
1092 1247 1205 1311 facere
1217 1268 1287 1312 non

338 1347 498 1429 deneges,
526 1355 566 1412 ut
594 1367 656 1431 per
684 1353 779 1411 tuam
803 1366 925 1412 sanam
950 1347 1188 1425 eruditionem,
1211 1348 1288 1413 Deo

338 1448 540 1533 adjuvante,
568 1448 612 1511 ad
636 1447 786 1513 melioris
811 1447 893 1513 vitae
917 1449 1133 1531 propositum
1157 1468 1289 1513 merear

339 1548 531 1631 pervenire.
584 1547 678 1626 Quin
690 1549 806 1626 etiam,
821 1549 1028 1626 dulcissime,
1040 1568 1118 1612 cum
1130 1548 1288 1613 omnibus

339 1649 510 1732 episcopis
535 1649 674 1726 nostris,
688 1657 723 1712 et
737 1649 974 1734 cujuscunque
988 1650 1081 1732 apud
1095 1668 1160 1713 nos
1175 1650 1289 1732 digni·

339 1751 423 1814 tatis
446 1768 606 1832 persona,
622 1749 787 1831 deprecor
811 1749 863 1813 uti
885 1749 983 1813 nobis
1010 1749 1052 1813 de
1077 1750 1290 1814 multimodis

338 1850 630 1932 inquisitionibus,
653 1869 757 1931 super
785 1850 910 1931 quibus
939 1850 1127 1914 maximam
1154 1851 1290 1916 subtili-

339 1957 448 2015 tatem
470 1956 622 2014 vestram
639 1950 791 2033 dignum
814 1949 976 2014 duximus
998 1949 1208 2033 perquirere,
1230 1952 1290 2016 be-

338 2051 443 2133 nigne
466 2049 687 2133 respondeas,
703 2071 746 2114 ne
759 2058 957 2115 sanctorum
974 2051 1116 2115 traditio
1137 2059 1289 2134 patrum,

338 2158 375 2216 et
399 2152 443 2216 ab
468 2151 537 2215 illis
560 2150 688 2215 tradita
714 2151 813 2215 nobis
831 2151 965 2233 regula,
988 2152 1087 2234 quasi
1110 2152 1290 2234 incognita

339 2272 401 2335 per
414 2251 543 2334 aliquid
557 2251 699 2316 vitietur
721 2252 757 2315 in
780 2252 900 2333 nobis;
922 2251 983 2316 sed
1007 2271 1119 2316 sermo
1139 2259 1221 2317 tuus
1237 2253 1290 2317 di·

339 2360 454 2417 rectus
481 2352 579 2416 nobis
602 2352 639 2415 in
663 2353 808 2417 caritate
832 2360 869 2417 et
884 2352 1147 2417 mansuetudine
1161 2354 1290 2431 veniat,

339 2460 379 2518 ut
401 2473 463 2536 per
485 2453 554 2516 Dei
580 2453 850 2517 misericordiam
878 2453 1095 2537 profuturum
1122 2453 1160 2517 in
1189 2453 1291 2517 nobis

338 2553 496 2635 perficiat
507 2552 668 2618 fructum.
700 2552 857 2618 Primum
867 2573 1017 2637 namque
1028 2561 1082 2618 est
1095 2552 1186 2636 quod
1201 2574 1289 2638 pon-

339 2653 450 2718 tifices
474 2653 584 2717 nostri
609 2672 650 2716 ac
673 2654 874 2737 peritissimi
900 2653 1028 2738 quique
1054 2655 1092 2719 in
1112 2656 1213 2724 nobis
1235 2656 1289 2719 di·

337 2761 423 2818 cunt
441 2754 533 2836 quod
559 2761 681 2819 contra
703 2774 852 2820 canones
874 2763 910 2820 et
932 2754 1124 2836 apostolica
1144 2762 1290 2834 statuta,

339 2873 416 2937 quae
439 2855 538 2919 nobis
562 2874 584 2918 a
604 2863 705 2938 patre
718 2857 917 2921 beatissimo
932 2853 1102 2936 Gregorio
1119 2854 1290 2938 dirigente
1375 2891 1377 2896 ·

337 2963 472 3020 statuta
485 2962 579 3034 sunt,
599 2956 690 3021 sicut
702 2975 766 3022 vos
788 2955 897 3034 scitis,
912 2955 1101 3020 auotoritas
1115 2955 1291 3021 Dorover·

338 3057 454 3120 nensis
476 3057 733 3140 metropolitani
745 3056 783 3120 in
797 3056 884 3120 duas
905 3056 1084 3121 scindatur
1096 3057 1290 3139 parochias,

337 3156 437 3241 cujus
461 3154 598 3243 (eodem
620 3163 719 3241 patre
741 3153 945 3242 mandante)
967 3157 1091 3221 ditioni
1111 3156 1291 3242 subjacere

335 3255 464 3322 debent
477 3257 629 3340 episcopi
642 3256 833 3336 duodecim,
850 3259 939 3322 sicut
953 3278 1016 3341 per
1032 3257 1194 3321 ecclesias
1208 3278 1290 3322 nos·

338 3363 412 3422 tras
431 3356 559 3440 legitur
578 3357 615 3420 in
638 3357 785 3439 epistola
799 3377 904 3440 quam
917 3359 1018 3423 fratri
1031 3365 1067 3423 et
1083 3359 1289 3443 coepiscopo

337 3456 537 3540 Augustino
552 3457 680 3521 direxit
695 3459 737 3522 de
751 3458 885 3523 duobus
900 3459 1091 3525 Londoniae
1106 3465 1142 3523 et
1155 3459 1289 3524 Ebora·

337 3577 388 3621 cae
417 3557 617 3640 metropolis
638 3559 821 3643 episcopis,
843 3579 947 3640 quam
974 3560 1079 3624 etiam
1107 3560 1199 3643 apud
1224 3579 1288 3625 vos

337 3657 456 3722 haberi
476 3677 546 3721 non
559 3658 767 3724 dubitamus.
819 3658 886 3723 Sed
899 3661 975 3743 ipse
989 3661 1137 3743 primum
1150 3661 1288 3743 pontifi·

337 3758 422 3823 calis
445 3778 548 3842 apex,
564 3760 624 3842 qui
646 3767 729 3824 tunc
745 3759 936 3825 Londoniae
958 3762 1023 3824 sub
1035 3760 1165 3826 honore
1185 3768 1290 3826 etor-

337 3867 500 3924 namento
526 3859 623 3944 pallii
646 3861 761 3926 fuerat
783 3863 1011 3945 conscriptus,
1034 3881 1097 3944 pro
1118 3882 1159 3927 eo
1173 3862 1287 3926 Doro*

337 3961 497 4027 vernensi
531 3961 667 4025 oblatus
698 3969 762 4040 est,
792 3969 897 4045 atque
933 3981 1130 4028 concessus.
1194 3962 1287 4027 Nam

478 4200 485 4231 ¹
504 4203 641 4254 Secundum
653 4203 714 4253 illud
726 4202 861 4267 Brachia]
879 4204 965 4255 lsaiah
978 4218 1095 4257 xxxvur.
1108 4210 1148 4258 19.
