2858 4890
367 398 433 462 274
589 412 703 460 unsri
728 412 854 459 ancum
880 409 1095 458 iuononuu.
1176 394 1265 475 [nin.
1283 408 1322 455 11.

370 572 565 652 Deum,per
574 569 772 646 amicitiam,
782 569 893 633 multa
901 568 1034 645 offerre,
1044 568 1145 650 plura
1154 567 1323 649 polliceri.

373 672 443 736 Ubi
459 671 493 733 id
511 689 633 754 parum
648 670 816 753 procedit,
830 678 1018 734 nocturnas
1034 669 1177 732 insidias
1196 675 1322 733 tentat.

373 773 432 836 Ita
455 771 627 835 bominem
650 769 873 856 (connivente
906 772 1010 834 etiam
1036 769 1119 847 filia,
1149 789 1227 833 cum
1255 788 1326 851 qua

372 872 558 938 assiduitas
583 870 852 935 familiaritatem
879 867 1094 955 paraverat)
1118 871 1200 934 vino
1223 869 1324 933 inva-

373 973 470 1050 denS,
485 972 647 1037 volumen
669 972 733 1036 sub
750 971 912 1035 cervicali
932 970 1084 1055 positum
1106 971 1266 1053 arripuit,
1288 977 1326 1034 et

373 1072 472 1155 sugit.
526 1072 591 1136 Ille
619 1093 740 1136 somno
769 1091 948 1149 excussus,
976 1072 1102 1135 indicio
1133 1071 1325 1148 stellarum,

375 1193 444 1256 qua
473 1174 604 1256 peritus
644 1180 720 1237 erat
757 1179 844 1250 arte,
877 1173 1071 1254 insequitur
1106 1171 1324 1254 fugitantem.

376 1273 551 1355 Prosugus
578 1293 714 1356 quoque
737 1274 935 1357 respiciens
967 1273 1154 1354 eademque
1180 1271 1327 1336 scientia

375 1374 565 1456 periculum
574 1374 799 1457 comperiens
812 1375 876 1437 sub
888 1381 994 1456 ponte
1008 1373 1136 1454 ligneo,
1148 1374 1207 1455 qui
1218 1392 1325 1455 prox-

375 1476 477 1552 imuS,
492 1494 529 1539 se
546 1475 691 1554 occulit;
708 1475 878 1558 pendulus
895 1482 930 1540 et
946 1481 1086 1557 pontem
1101 1473 1326 1556 amplectens,

377 1582 417 1639 ut
439 1595 502 1639 nec
528 1594 654 1658 aquam
680 1595 742 1639 nec
770 1581 898 1639 terram
926 1582 1094 1655 tangeret.
1147 1574 1206 1638 Ita
1229 1593 1325 1656 quae-

377 1676 485 1739 rentis
508 1676 655 1739 aviditas
671 1677 850 1753 frustrata,
869 1675 1007 1739 domum
1030 1672 1182 1740 revertit.
1234 1673 1326 1737 Tum

379 1774 581 1852 GerbertuS,
597 1777 689 1839 viam
714 1777 880 1853 celerans,
896 1776 1034 1840 devenit
1050 1776 1094 1839 ad
1110 1795 1216 1838 mare.
1271 1774 1327 1838 Ibi

377 1895 440 1958 per
463 1876 717 1940 incantationes
749 1877 887 1941 diabolo
917 1876 1096 1953 accersito,
1122 1882 1327 1958 perpetuum

378 1976 565 2059 paciscitur
593 1977 782 2040 hominium
815 1977 845 2040 si
878 1997 927 2054 se,
955 1978 998 2040 ab
1032 1976 1092 2040 illo
1122 1977 1182 2059 qui
1213 1976 1326 2040 denuo

377 2077 624 2158 insequebatur
636 2076 863 2154 defensatum,
882 2078 976 2141 ultra
989 2078 1133 2160 pelagus
1155 2076 1327 2141 eveheret.

381 2177 427 2240 Et
451 2176 579 2241 factum
606 2185 670 2241 est.
722 2177 789 2241 Sed
812 2177 888 2241 baec
903 2178 1093 2259 vulgariter
1114 2178 1196 2241 ficta
1217 2177 1328 2241 credi-

380 2276 469 2340 derit
499 2276 636 2360 aliquis,
670 2279 761 2360 quod
789 2278 900 2342 soleat
928 2279 1077 2362 populus
1112 2279 1328 2343 literatorum

381 2377 508 2440 sarnam
532 2377 669 2455 laedere,
693 2379 809 2442 dicens
831 2379 928 2442 illum
954 2379 1049 2461 loqui
1071 2398 1149 2442 oum
1172 2379 1328 2442 daemone

382 2497 484 2560 quem
500 2478 535 2540 in
549 2478 666 2560 aliquo
677 2479 827 2543 viderint
841 2479 1065 2543 excellentem
1078 2499 1192 2562 opere.
1226 2479 1329 2543 Unde

383 2577 555 2656 BooetiuS,
575 2580 611 2641 in
635 2579 723 2643 libro
746 2580 788 2644 de
812 2578 1058 2644 Consolatione
1082 2579 1328 2663 Philosophiae,

383 2679 538 2760 queritur
560 2698 597 2742 se
620 2688 761 2762 propter
775 2680 926 2743 studium
950 2681 1130 2763 sapientiae
1145 2681 1188 2744 de
1201 2681 1329 2745 talibus

383 2787 552 2857 notatum,
567 2781 667 2862 quasi
685 2781 928 2844 conscientiam
939 2801 1038 2845 suam
1056 2781 1237 2862 sacrilegio
1253 2782 1330 2864 pol·

381 2878 504 2943 luisset
522 2881 566 2944 ob
588 2881 754 2945 ambitum
778 2881 969 2962 dignitatis.
1022 2881 1126 2946 ‘Non
1147 2883 1332 2947 convenie-

382 2979 465 3057 bat,'
481 2973 621 3063 linquit,
633 2981 898 3044 ‘vilissimorum
909 3001 964 3044 me
975 2983 1158 3064 spirituum
1169 2983 1332 3065 praesidia

382 3088 535 3163 captare,
561 3100 662 3164 quem
688 3088 727 3146 tu
749 3082 785 3145 in
810 3081 900 3145 hanc
924 3082 1165 3147 excellentiam
1190 3104 1332 3167 compo·

383 3181 489 3244 nobas
515 3189 554 3245 ut
582 3183 794 3246 consimilem
819 3182 897 3246 Deo
926 3183 1069 3247 faceres
1132 3181 1242 3266 Atqui
1264 3183 1331 3248 hoc

382 3279 458 3362 ipso
474 3283 629 3346 videmur
655 3281 774 3347 affines
800 3283 979 3360 maleficio,
995 3285 1087 3367 quod
1109 3285 1180 3348 tuis
1207 3286 1332 3350 imbuti

382 3380 584 3464 disciplinis,
600 3384 669 3447 tuis
691 3384 842 3447 instituti
867 3385 1019 3448 moribus
1045 3386 1188 3449 sumus?
1240 3385 1332 3450 Haec

382 3480 552 3544 Booetius.
603 3477 661 3545 2Μ
664 3484 712 3547 ihi
725 3504 808 3549 vero
823 3485 924 3548 fidem
940 3485 1023 3548 facit
1043 3486 1085 3549 de
1108 3487 1208 3550 istius
1223 3487 1333 3551 sacri·

417 3733 546 3810 thue]
566 3741 689 3792 Boethius
712 3744 744 3792 de
765 3744 841 3796 Cone.
865 3748 1010 3810 judgment.
1045 3749 1099 3798 The
1110 3748 1249 3811 partiality,
1259 3748 1333 3798 how·

380 3809 480 3860 Philos.
498 3813 542 3863 lib.
563 3827 581 3862 1.
599 3829 626 3874 p.
639 3817 679 3864 14.
697 3813 843 3881 (Glasguae,
868 3833 936 3880 ever,
944 3819 1061 3880 forPope
1070 3820 1199 3880 silvester,
1216 3820 1260 3884 (he
1268 3820 1332 3869 hav·

380 3885 436 3932 8vo.
450 3880 536 3947 1751.)
868 3889 912 3951 ing
923 3890 1037 3938 beenthe
1045 3891 1099 3939 first
1107 3890 1262 3944 Frenchman
1271 3890 1331 3941 who

416 3947 504 4001 2Mihi
511 3968 566 4002 cero
571 3953 742 4018 fidemsacit]
754 3955 843 4006 Atten-
868 3960 981 4009 attained
992 3961 1034 4010 the
1045 3961 1145 4023 dignity
1153 3959 1181 4009 of
1190 3960 1260 4009 chief
1267 3975 1332 4022 pon-

380 4020 486 4071 tionhas
497 4023 561 4072 been
577 4024 665 4091 called*
675 4030 701 4073 to
716 4025 766 4075 this
785 4042 843 4089 pes·
868 4026 927 4094 tiff,)
939 4031 1025 4079 which
1035 4031 1078 4080 the
1092 4032 1173 4080 editor
1183 4030 1212 4079 of
1219 4031 1275 4080 that
1287 4048 1332 4081 vo-

380 4105 441 4154 sage
448 4092 567 4154 by'anote
574 4095 648 4144 inthe
655 4095 843 4148 ReadesHist.
866 4100 934 4149 lume
942 4101 1147 4164 acknowledges‚
1154 4116 1213 4162 may
1223 4102 1250 4150 in
1261 4116 1332 4153 some

378 4161 412 4210 de
429 4163 456 4211 la
476 4164 572 4231 France
590 4164 662 4232 (tom.
679 4162 719 4229 x.)
738 4165 842 4232 harshly
864 4185 983 4228 measure
994 4173 1097 4233 explain
1108 4173 1158 4222 and
1169 4172 1279 4234 perhaps
1286 4188 1332 4222 ex·

379 4234 515 4297 censuring
530 4235 726 4298 Malmesbury's
737 4244 806 4288 want
817 4241 845 4289 of
867 4256 929 4291 cure
936 4242 979 4292 the
989 4243 1099 4306 severity
1106 4244 1135 4293 of
1139 4243 1181 4293 the
1192 4248 1331 4306 comment3
