2858 4890
156 378 298 458 mn.11.]
381 391 495 440 cussa
519 392 645 439 aucun
668 392 883 441 ancnonnu.
1042 378 1107 442 217

159 550 290 633 speculi
321 550 439 614 vultus
470 551 679 614 intuentium
708 551 949 615 aemularetur:
990 571 1107 616 ensem

161 651 383 715 Constantini
400 652 529 732 magni,
554 650 590 712 in
614 671 683 732 quo
706 651 817 715 literis
839 652 953 715 aureis
981 672 1106 716 nomen

159 751 294 833 antiqui
313 750 523 833 possessoris
538 750 739 832 legebatur3
761 752 798 814 in
821 752 945 834 capulo
968 772 1107 835 quoque

159 872 263 935 super
280 870 415 914 crassas
431 849 507 914 auri
520 850 668 914 laminas
684 851 819 915 clavum
836 851 983 915 ferreum
1007 851 1106 915 affix-

159 971 218 1014 um
250 969 420 1027 cerneres,
448 970 556 1014 unum
588 970 633 1014 ex
663 958 813 1033 quatuor
842 971 930 1034 quos
959 951 981 1015 J
985 952 1108 1016 udaica

160 1052 264 1115 factio
282 1050 456 1116 Dominici
479 1051 632 1133 corporis
655 1057 795 1133 aptarat
816 1050 1008 1133 supplicio:
1032 1052 1106 1115 lan·

161 1170 257 1215 ceam
287 1150 411 1215 Karoli
442 1151 572 1232 magni,
601 1170 706 1233 quam
735 1151 923 1233 imperator
951 1151 1106 1215 invictis·

161 1251 280 1328 simus,
303 1259 425 1315 contra
451 1251 642 1315 Saracenos
673 1251 864 1314 exercitum
896 1251 1037 1328 ducens,
1060 1253 1106 1316 si-

161 1351 300 1433 quando
316 1352 353 1415 in
369 1351 503 1414 hostem
525 1351 696 1427 vibrabat,
719 1370 896 1432 nunquam
912 1350 979 1413 nisi
996 1352 1108 1417 victor

159 1452 299 1531 ahihat3
330 1451 504 1515 ferebatur
533 1451 652 1514 eadem
683 1469 758 1513 esse
787 1470 878 1532 quae,
905 1444 1106 1515 ¹Dominico

161 1551 263 1614 lateri
292 1552 503 1616 centurionis
537 1569 641 1613 manu
673 1550 836 1632 impacta,
863 1550 1006 1633 pretiosi
1032 1550 1108 1615 vul-

162 1652 253 1715 neris
276 1651 373 1715 hiatu
401 1650 608 1714 Paradisum
633 1649 768 1714 miseris
793 1649 998 1714 mortalibus
1025 1670 1107 1733 ape·

162 1751 251 1816 ruit:
275 1750 441 1815 vexillum
462 1745 644 1813 ²Mauricii
667 1749 857 1813 beatissimi
878 1751 1053 1835 martyris,
1073 1757 1109 1814 et

163 1850 324 1915 Thebaeae
358 1851 505 1931 legionis
537 1850 715 1932 principis,
753 1870 822 1931 quo
859 1850 949 1912 idem
981 1870 1044 1913 rex
1072 1851 1108 1913 in

162 1951 254 2015 bello
265 1944 440 2032 3Hispano
453 1950 641 2031 quamlibet
657 1949 803 2013 infestos
814 1956 849 2013 et
860 1950 1033 2013 confertos
1042 1950 1108 2013 ini·

164 2051 334 2113 micorum·
355 2070 484 2114 cuneos
503 2050 709 2132 dirumpere,
732 2058 768 2114 et
789 2050 825 2113 in
842 2049 960 2131 fugam
985 2049 1109 2114 solitus

163 2157 238 2214 erat
264 2170 407 2232 cogere:
443 2150 602 2213 diadema
634 2170 679 2214 ex
709 2170 795 2214 auro
822 2150 959 2232 quidem
986 2150 1112 2226 multo,

161 2250 222 2313 sed
246 2252 357 2334 magis
382 2251 525 2332 gemmis
550 2251 751 2333 pretiosum,
775 2269 921 2332 quarum
947 2250 1110 2332 splendor

161 2350 213 2413 ita
233 2351 269 2415 in
294 2350 468 2415 intuentes
493 2349 626 2414 faculas
652 2350 791 2414 luminis
812 2350 1047 2434 jaculabatur,
1069 2356 1109 2413 ut

162 2457 293 2532 quanto
330 2451 408 2533 quis
447 2456 595 2514 certaret
632 2451 745 2515 visum
781 2451 971 2528 intendere,
1009 2456 1109 2515 tanto

162 2551 272 2632 magis
287 2552 527 2615 reverberatus
544 2557 725 2632 cogeretur
739 2550 880 2615 cedere:
903 2551 1110 2634 particulam

162 2657 292 2715 sanctae
325 2658 361 2715 et
394 2650 578 2714 adorandae
604 2651 716 2714 crucis
741 2651 905 2732 crystallo
928 2650 1109 2728 inclusam,

163 2751 222 2813 ubi
248 2751 458 2814 soliditatem
484 2750 609 2832 lapidis
634 2750 756 2813 oculus
782 2757 968 2832 penetrans
995 2758 1111 2832 potest

164 2850 356 2915 discernere
381 2850 494 2932 qualis
521 2850 567 2914 sit
590 2850 677 2931 ligni
702 2850 809 2927 color,
836 2858 871 2915 et
897 2870 975 2933 quae
1001 2869 1111 2931 quan·

163 2951 267 3014 titas:
291 2949 546 3033 portiunculam
564 2970 702 3032 quoque
725 2970 860 3014 coronae
883 2951 1025 3033 spineae,
1050 2970 1109 3013 eo-

163 3050 239 3112 dem
266 3051 368 3114 modo
390 3050 572 3126 inclusam,
596 3070 713 3132 quam,
736 3051 780 3113 ad
803 3050 1009 3114 derisionem
1031 3070 1109 3133 reg-

163 3151 211 3226 ni,
233 3151 393 3214 militaris
424 3151 537 3213 rabies
560 3156 782 3214 sacrosancto
804 3151 971 3233 imposuit
992 3151 1110 3233 capiti.

198 3416 206 3449 ¹
228 3418 356 3467 Dmnirrico
383 3419 456 3468 lateri
477 3417 625 3468 centurionis
649 3417 686 3465 St.
698 3417 815 3466 Maurice
826 3418 876 3466 and
893 3418 936 3467 the
946 3418 1050 3467 Theban
1061 3417 1112 3467 Le·

162 3504 235 3538 amaa
254 3483 380 3557 impactu]
398 3490 472 3538 ‘The
489 3486 582 3551 legend
599 3488 628 3536 of
650 3487 718 3550 gion,
735 3488 761 3535 in
779 3487 822 3536 the
839 3488 907 3537 third
931 3494 1045 3550 century,
1067 3503 1113 3551 ap·

162 3560 199 3609 St.
214 3560 344 3620 Longinus
365 3560 454 3609 makes
473 3559 515 3608 the
538 3562 624 3606 centu·
650 3571 725 3616 pears
743 3562 770 3606 to
785 3559 816 3606 be
837 3559 1007 3620 apocrypha13
1026 3561 1046 3607 it
1056 3574 1112 3609 was

161 3631 217 3679 rion
240 3630 383 3678 mentioned
405 3631 432 3678 in
459 3629 502 3678 the
526 3628 624 3688 Gospel
651 3627 704 3675 first
722 3628 858 3687 published
875 3631 952 3678 about
963 3629 1005 3677 the
1016 3629 1112 3679 middle

162 3701 204 3749 the
223 3714 314 3761 person
325 3700 384 3749 who
400 3700 500 3761 pierced
514 3699 557 3746 the
569 3698 624 3747 side
650 3696 680 3744 ot
689 3697 730 3744 the
742 3697 796 3746 fifth
808 3703 912 3759 century
919 3700 953 3759 by
961 3699 1112 3762 Eucherius,

161 3771 191 3820 os
205 3786 252 3819 our
271 3770 357 3830 Lord;
379 3770 442 3819 with
460 3784 534 3830 many
554 3768 626 3817 other
650 3766 783 3826 bishopof
797 3769 890 3828 Lyons.
927 3769 975 3816 See
992 3769 1113 3817 adisset-

162 3841 280 3890 fabulons
298 3838 434 3889 additions.
471 3840 518 3888 See
535 3839 593 3888 Jac.
609 3852 625 3885 a
650 3837 730 3884 tation
746 3853 778 3885 on
794 3837 845 3885 this
859 3838 958 3900 subject
977 3838 1113 3886 intheBi-

161 3911 298 3973 Voragine,
316 3911 437 3972 Legenda
459 3908 626 3959 Sanctorum!
650 3905 1111 3969 bliothequeRaisonndatommxxv.

161 3982 281 4050 (Sharpe,
293 3978 359 4044 156.)
650 3991 695 4038 pp.
707 3981 849 4027 tar-454.

198 4051 208 4078 ²
219 4051 339 4100 Mauri'cii
350 4049 487 4098 beatissimi
499 4046 626 4109 martyris,

161 4127 186 4171 et
216 4122 324 4171 Thabraca
346 4120 450 4182 legionis
475 4116 625 4181 principia]
687 4111 842 4184 ³Hispuno.]
858 4119 887 4166 C.
897 4117 932 4165 D.
941 4118 974 4167 E.
983 4116 1032 4177 L.;
1051 4117 1115 4166 His·

161 4193 215 4242 The
235 4197 304 4253 story
321 4190 351 4239 ol
366 4190 409 4239 the
430 4188 583 4251 martyrdom
600 4187 629 4236 oi
651 4186 753 4249 panico,
763 4186 797 4236 Δ.
810 4187 839 4238 S.
