2858 4890
140 373 282 454 marn]
367 390 480 437 cusrn
504 389 630 437 aucun
655 387 867 436 nucnonuu.
1025 372 1090 437 221

142 555 231 612 tram
248 548 423 613 licentiam
446 567 524 611 cum
547 546 747 628 corporibus
769 553 956 629 poneretur
970 547 1090 613 Chris·

142 649 338 728 tianorum3
362 668 505 731 nosque,
524 647 663 711 illorum
681 646 921 728 efflagitationi
944 668 1089 713 consen·

143 750 281 826 tienteS,
301 749 451 812 Romam
469 749 674 825 remisimus,
692 753 728 810 et
745 748 979 811 consentiente
996 769 1090 832 papa

143 850 278 932 positus
296 857 351 913 est
377 849 421 912 ad
442 855 587 912 caeteros
609 846 838 924 Christianos,
862 850 1019 930 quamvis
1037 851 1090 912 in-

143 951 280 1031 dignus.
334 949 380 1012 Et
397 950 448 1013 sic
466 949 626 1032 judicata
647 953 701 1012 est
720 945 804 1010 mihi
826 953 902 1011 tota
916 950 1090 1030 possessio

143 1050 218 1133 ejus
233 1051 269 1113 in
286 1050 423 1131 magnis
440 1056 476 1113 et
491 1047 647 1111 modicis.
700 1047 768 1111 Sed
790 1054 826 1111 et
843 1048 917 1112 baec
935 1050 1091 1132 apicibus

142 1150 320 1213 literarum
347 1149 630 1232 praenotavimus,
657 1167 712 1223 ne,
735 1149 899 1229 quamdiu
923 1147 1092 1213 Christia-

142 1251 235 1314 nitas
248 1255 383 1330 regnat,
395 1248 586 1312 aboleatur.
630 1247 732 1311 Unde
747 1247 829 1310 mihi
845 1249 992 1331 praelata
1011 1269 1093 1332 pos·

144 1351 266 1427 sessio,
282 1369 386 1432 quarn
404 1348 481 1412 Deo
498 1354 533 1411 et
547 1354 667 1411 sancto
683 1345 789 1411 Petro
804 1348 894 1424 dedi,
920 1349 1091 1429 donatur3

145 1470 208 1513 nec
220 1449 352 1533 justius
369 1449 451 1513 novi
469 1467 573 1531 quarn
591 1448 667 1511 Deo
682 1455 717 1510 et
734 1455 856 1511 sancto
872 1446 980 1512 Petro
1003 1449 1093 1513 hanc

145 1550 399 1633 possessionem
424 1550 518 1626 dare,
543 1549 603 1629 qui
631 1548 792 1611 aemulum
814 1567 929 1610 meum
950 1549 987 1612 in
1009 1569 1091 1612 cou-

145 1658 266 1733 spectu
279 1651 431 1713 omnium
448 1648 571 1712 cadere
589 1647 755 1723 fecerunt,
769 1654 804 1710 et
818 1648 902 1711 mihi
917 1650 1091 1733 prosperi-

146 1757 254 1814 tatem
271 1751 369 1832 regni
383 1750 502 1831 largiti
519 1749 623 1812 sunt,⁹

198 1849 307 1933 §138
332 1850 376 1912 In
393 1850 447 1912 his
464 1849 579 1914 verbis
601 1849 692 1930 regis
717 1847 935 1931 sapientiam,
961 1856 997 1913 et
1019 1850 1092 1932 pie-

128 1934 254 2015 tatem
288 1951 364 2034 ejus
395 1949 431 2011 in
464 1949 532 2013 Dei
565 1950 680 2026 rebus,
714 1949 889 2031 suspicere
919 1969 984 2032 par
1016 1959 1091 2015 est:

148 2051 366 2134 sapientiam,
397 2050 489 2133 quod
516 2050 817 2126 animadverteret,
839 2048 980 2132 juvenis
1004 2071 1093 2133 prae-

148 2153 279 2227 sertim,
296 2171 365 2216 non
382 2170 458 2213 esse
475 2150 551 2214 Deo
574 2151 766 2231 gratiosum
788 2149 830 2211 de
853 2150 975 2232 rapina
997 2150 1094 2215 bolo-

148 2259 329 2329 caustum3
352 2252 529 2333 pietatem,
552 2251 644 2332 quod
661 2270 798 2327 munus,
821 2250 953 2314 ultione
976 2250 1095 2315 divina

147 2351 323 2428 collatum,
353 2348 429 2415 Deo
454 2352 672 2433 potissimum
697 2370 766 2413 non
790 2351 949 2431 ingratus
972 2371 1095 2434 repen-

148 2452 256 2516 deret.
310 2450 488 2515 Praeterea
505 2451 609 2514 datur
626 2450 981 2528 animadvertendum,
1005 2452 1096 2532 quod

151 2560 232 2616 tunc
272 2552 418 2615 basilica
452 2552 565 2614 sancti
602 2549 699 2614 Petri
737 2549 903 2633 primaria
937 2553 1096 2617 coenobio

150 2652 267 2729 luerit,
284 2672 363 2735 quae
389 2672 479 2715 nune
504 2652 540 2714 in
564 2650 724 2713 secundis
750 2650 918 2729 habetur3
951 2651 1097 2715 ecclesia
1133 2683 1140 2699 ·

148 2754 260 2816 beatae
277 2752 413 2829 Mariae,
436 2770 541 2833 quam
563 2750 723 2814 monachi
746 2750 847 2813 modo
864 2750 1097 2832 frequentant,

150 2860 273 2936 postea
294 2853 387 2934 regis
411 2852 541 2933 Edgari
564 2851 683 2914 diebus
711 2852 775 2914 sub
810 2851 934 2913 abbate
969 2850 1098 2915 Elfrico

151 2946 352 3018 ¹aedificata.
405 2953 451 3016 Et
474 2952 548 3016 baec
564 2951 702 3034 quidem
717 2950 784 3015 fide
799 2951 936 3032 integra
958 2950 1000 3015 de
1018 2971 1099 3034 rege

185 3209 612 3277 ¹AEdificoto.]A.S.D.E.L.M.;
637 3216 663 3260 et
686 3212 712 3260 iu
734 3213 850 3261 omnibus
875 3213 953 3276 hujus
980 3215 1099 3274 temporis

151 3282 612 3344 after‘aedifieata,'G.reads‘Gujus
636 3282 740 3343 regibus
766 3282 871 3332 terrenis
898 3284 995 3333 famosa
1021 3285 1099 3334 laude

152 3358 237 3402 autem
247 3353 373 3414 opinionis
384 3352 462 3401 suerit
472 3351 541 3412 apud
550 3352 613 3402 Gal·
636 3353 877 3415 praecellentissime,
894 3369 939 3402 rex
950 3355 1100 3418 Adelstaue,

152 3423 200 3484 los,
216 3428 270 3471 turn
287 3424 314 3471 in
332 3423 393 3471 belli
413 3422 548 3471 sudoribus
559 3427 612 3470 tum
637 3423 734 3470 noverit
755 3423 848 3483 optime
870 3424 962 3487 pietas,
982 3430 1098 3474 manente

153 3495 180 3541 in
192 3493 337 3544 Christiano
349 3492 431 3554 cultu,
448 3507 497 3540 non
507 3507 613 3553 parvum
638 3492 721 3540 adhuc
733 3493 870 3542 stabilitate
881 3500 973 3543 nostrae
979 3496 1100 3557 regionis,

153 3564 260 3624 epistola
277 3579 354 3625 quam
372 3563 479 3624 subjicio
496 3561 558 3611 lacit
576 3563 614 3610 in·
638 3562 706 3622 quod
734 3567 808 3624 pater
836 3569 919 3612 vester
942 3565 1099 3615 Eduuardns

152 3634 256 3683 dicium.
292 3635 309 3662 “
318 3634 428 3682 Summae
439 3636 465 3680 et
475 3632 613 3680 individuae
638 3647 684 3692 per
701 3633 788 3681 literas
803 3648 831 3681 se
847 3635 1031 3684 commendavit
1041 3651 1100 3685 con·

153 3705 284 3753 Trinitatis
318 3704 420 3762 honore,
454 3703 614 3763 omniumque
639 3703 715 3750 sartio
736 3703 900 3752 fraternitatis
922 3706 1002 3752 sancti
1029 3705 1100 3754 Sam·

154 3780 296 3824 sauctorum
323 3773 555 3835 praecellentissima
578 3773 615 3820 in·
639 3773 707 3821 sonis
718 3774 809 3821 summi
821 3774 979 3835 confessoris,
990 3789 1021 3822 ac
1034 3775 1100 3824 Leu-

153 3846 313 3904 tercessione‚
330 3844 437 3906 glorioso
456 3847 482 3890 et
499 3843 615 3891 munifico
639 3844 714 3890 euani
735 3843 919 3903 archiepiscopi
941 3845 1046 3893 senioris
1069 3860 1099 3894 ac

154 3916 209 3976 regi
221 3914 615 3975 Etbelstan0,Samsonissummi
640 3913 781 3961 consobrini
811 3915 870 3973 mei,
896 3928 925 3961 ac
953 3915 1101 3963 clericorum

154 3985 279 4046 pontificis
290 3999 338 4046 ego
347 3985 485 4035 Robbodus
496 3983 616 4044 praeposi·
641 3984 705 4044 ejus.
741 3983 816 4030 Unde
835 3997 916 4043 usque
934 3983 1009 4032 hodie
1031 3986 1102 4034 inde-

154 4060 205 4117 tus,
217 4057 291 4105 istius
302 4056 384 4104 seculi
394 4056 499 4118 gloriam
510 4058 535 4102 et
546 4056 618 4102 aeter·
641 4052 721 4101 fessas
734 4052 799 4114 Regi
811 4051 913 4101 Christo
924 4069 969 4114 pro
981 4057 1037 4116 ejus
1048 4057 1103 4104 aui-

154 4127 181 4173 ui
203 4126 394 4175 beatitudinem.
449 4124 617 4186 Benignitatis
641 4137 689 4171 mae
709 4122 801 4184 salute,
819 4127 845 4170 et
855 4138 901 4184 pro
916 4124 998 4174 salute
1010 4129 1103 4188 vestra,

155 4211 184 4244 ac
197 4197 360 4246 sublimitatis
375 4200 476 4257 vestrae,
494 4194 616 4256 piissime,
640 4191 770 4241 fundimus
776 4194 960 4254 preces3etdie
968 4201 1104 4259 noctuque,
