<?xml version="1.0" encoding="UTF-8"?>
<!DOCTYPE html PUBLIC "-//W3C//DTD XHTML 1.0 Transitional//EN"
    "http://www.w3.org/TR/xhtml1/DTD/xhtml1-transitional.dtd">
<html xmlns="http://www.w3.org/1999/xhtml" xml:lang="en" lang="en">
 <head>
  <title>
</title>
<meta http-equiv="Content-Type" content="text/html;charset=utf-8" />
  <meta name='ocr-system' content='tesseract 3.04.00' />
  <meta name='ocr-capabilities' content='ocr_page ocr_carea ocr_par ocr_line ocrx_word'/>
</head>
<body>
  <div class='ocr_page' id='page_1' title='image "./gestaregumanglo01willgoog_0093.png"; bbox 0 0 2858 4890; ppageno 0'>
   <div class='ocr_carea' id='block_1_1' title="bbox 178 379 1128 459">
    <p class='ocr_par' dir='ltr' id='par_1_1' title="bbox 178 379 1128 459">
     <span class='ocr_line' id='line_1_1' title="bbox 178 379 1128 459; baseline 0.008 -19"><span class='ocrx_word' id='word_1_1' title='bbox 178 394 247 442; x_wconf 82' lang='lat' dir='ltr'><strong>mn.</strong></span> <span class='ocrx_word' id='word_1_2' title='bbox 264 379 304 459; x_wconf 77' lang='grc'><strong>1.]</strong></span> <span class='ocrx_word' id='word_1_3' title='bbox 397 392 510 444; x_wconf 68' lang='lat' dir='ltr'><strong>unsri</strong></span> <span class='ocrx_word' id='word_1_4' title='bbox 535 394 662 443; x_wconf 85' lang='lat' dir='ltr'><strong>nncun</strong></span> <span class='ocrx_word' id='word_1_5' title='bbox 688 394 900 444; x_wconf 75' lang='lat' dir='ltr'><strong>nncnonun.</strong></span> <span class='ocrx_word' id='word_1_6' title='bbox 1082 381 1128 448; x_wconf 80' lang='lat'><strong>53</strong></span> 
     </span>
    </p>
   </div>
   <div class='ocr_carea' id='block_1_2' title="bbox 154 543 1126 3844">
    <p class='ocr_par' dir='ltr' id='par_1_2' title="bbox 154 543 1126 3844">
     <span class='ocr_line' id='line_1_2' title="bbox 177 543 1126 633; baseline 0.011 -21"><span class='ocrx_word' id='word_1_7' title='bbox 177 543 342 633; x_wconf 89' lang='lat' dir='ltr'><strong>¹Sapwio,</strong></span> <span class='ocrx_word' id='word_1_8' title='bbox 352 551 458 630; x_wconf 89' lang='lat' dir='ltr'><strong>Stret,</strong></span> <span class='ocrx_word' id='word_1_9' title='bbox 470 552 699 631; x_wconf 89' lang='lat' dir='ltr'><strong>Budecalech,</strong></span> <span class='ocrx_word' id='word_1_10' title='bbox 707 547 874 633; x_wconf 85' lang='lat' dir='ltr'><strong>²Piltune,</strong></span> <span class='ocrx_word' id='word_1_11' title='bbox 887 556 996 620; x_wconf 90' lang='lat' dir='ltr'><strong>necin</strong></span> <span class='ocrx_word' id='word_1_12' title='bbox 1008 552 1126 622; x_wconf 84' lang='lat' dir='ltr'><strong>earnm</strong></span> 
     </span>
     <span class='ocr_line' id='line_1_3' title="bbox 175 651 1126 738; baseline 0.011 -25"><span class='ocrx_word' id='word_1_13' title='bbox 175 651 328 732; x_wconf 87' lang='lat' dir='ltr'><strong>capellis,</strong></span> <span class='ocrx_word' id='word_1_14' title='bbox 350 652 411 715; x_wconf 92' lang='lat' dir='ltr'><strong>sed</strong></span> <span class='ocrx_word' id='word_1_15' title='bbox 435 673 497 716; x_wconf 90' lang='lat' dir='ltr'><strong>nec</strong></span> <span class='ocrx_word' id='word_1_16' title='bbox 519 655 556 716; x_wconf 92' lang='lat' dir='ltr'><strong>in</strong></span> <span class='ocrx_word' id='word_1_17' title='bbox 578 654 711 732; x_wconf 92' lang='lat' dir='ltr'><strong>insulis,</strong></span> <span class='ocrx_word' id='word_1_18' title='bbox 735 656 853 738; x_wconf 90' lang='lat' dir='ltr'><strong>aliqua</strong></span> <span class='ocrx_word' id='word_1_19' title='bbox 875 656 1126 723; x_wconf 90' lang='lat' dir='ltr'><strong>interveniente</strong></span> 
     </span>
     <span class='ocr_line' id='line_1_4' title="bbox 175 751 1124 837; baseline 0.007 -23"><span class='ocrx_word' id='word_1_20' title='bbox 175 751 366 829; x_wconf 85' lang='lat' dir='ltr'><strong>occasione,</strong></span> <span class='ocrx_word' id='word_1_21' title='bbox 382 754 564 836; x_wconf 90' lang='lat' dir='ltr'><strong>episcopus</strong></span> <span class='ocrx_word' id='word_1_22' title='bbox 586 754 651 818; x_wconf 95' lang='lat' dir='ltr'><strong>sibi</strong></span> <span class='ocrx_word' id='word_1_23' title='bbox 674 754 903 837; x_wconf 89' lang='lat' dir='ltr'><strong>episcopalem</strong></span> <span class='ocrx_word' id='word_1_24' title='bbox 927 757 1124 822; x_wconf 81' lang='lat' dir='ltr'><strong>cathedram</strong></span> 
     </span>
     <span class='ocr_line' id='line_1_5' title="bbox 154 855 1124 932; baseline 0.009 -19"><span class='ocrx_word' id='word_1_25' title='bbox 154 923 156 927; x_wconf 21' lang='lat'><strong><em>¹</em></strong></span> <span class='ocrx_word' id='word_1_26' title='bbox 172 858 338 930; x_wconf 82' lang='lat' dir='ltr'><strong>statuere,</strong></span> <span class='ocrx_word' id='word_1_27' title='bbox 353 873 416 917; x_wconf 90' lang='lat' dir='ltr'><strong>nec</strong></span> <span class='ocrx_word' id='word_1_28' title='bbox 436 855 595 918; x_wconf 83' lang='lat' dir='ltr'><strong>solennes</strong></span> <span class='ocrx_word' id='word_1_29' title='bbox 618 855 802 932; x_wconf 88' lang='lat' dir='ltr'><strong>celebrare,</strong></span> <span class='ocrx_word' id='word_1_30' title='bbox 818 876 881 920; x_wconf 90' lang='lat' dir='ltr'><strong>nec</strong></span> <span class='ocrx_word' id='word_1_31' title='bbox 904 857 1028 921; x_wconf 88' lang='lat' dir='ltr'><strong>altaria</strong></span> <span class='ocrx_word' id='word_1_32' title='bbox 1042 877 1124 922; x_wconf 92' lang='lat' dir='ltr'><strong>con-</strong></span> 
     </span>
     <span class='ocr_line' id='line_1_6' title="bbox 172 955 1124 1032; baseline 0.011 -19"><span class='ocrx_word' id='word_1_33' title='bbox 172 969 319 1030; x_wconf 91' lang='lat' dir='ltr'><strong>secrare,</strong></span> <span class='ocrx_word' id='word_1_34' title='bbox 356 972 420 1017; x_wconf 91' lang='lat' dir='ltr'><strong>nec</strong></span> <span class='ocrx_word' id='word_1_35' title='bbox 456 955 619 1018; x_wconf 89' lang='lat' dir='ltr'><strong>ecclesias</strong></span> <span class='ocrx_word' id='word_1_36' title='bbox 666 955 836 1032; x_wconf 89' lang='lat' dir='ltr'><strong>dedicare,</strong></span> <span class='ocrx_word' id='word_1_37' title='bbox 881 975 945 1020; x_wconf 90' lang='lat' dir='ltr'><strong>nec</strong></span> <span class='ocrx_word' id='word_1_38' title='bbox 988 957 1124 1023; x_wconf 83' lang='lat' dir='ltr'>ordines</span> 
     </span>
     <span class='ocr_line' id='line_1_7' title="bbox 172 1049 1124 1139; baseline 0.009 -25"><span class='ocrx_word' id='word_1_39' title='bbox 172 1049 298 1130; x_wconf 87' lang='lat' dir='ltr'><strong>facere,</strong></span> <span class='ocrx_word' id='word_1_40' title='bbox 321 1073 385 1116; x_wconf 90' lang='lat' dir='ltr'><strong>nec</strong></span> <span class='ocrx_word' id='word_1_41' title='bbox 405 1054 536 1137; x_wconf 92' lang='lat' dir='ltr'><strong>aliquid</strong></span> <span class='ocrx_word' id='word_1_42' title='bbox 558 1055 697 1118; x_wconf 94' lang='lat' dir='ltr'><strong>omnino</strong></span> <span class='ocrx_word' id='word_1_43' title='bbox 720 1055 902 1138; x_wconf 85' lang='lat' dir='ltr'><strong>disponere</strong></span> <span class='ocrx_word' id='word_1_44' title='bbox 924 1066 1124 1139; x_wconf 86' lang='lat' dir='ltr'><strong>praesumat,</strong></span> 
     </span>
     <span class='ocr_line' id='line_1_8' title="bbox 173 1151 1123 1239; baseline 0.009 -26"><span class='ocrx_word' id='word_1_45' title='bbox 173 1151 239 1215; x_wconf 92' lang='lat' dir='ltr'><strong>nisi</strong></span> <span class='ocrx_word' id='word_1_46' title='bbox 261 1154 305 1216; x_wconf 88' lang='lat' dir='ltr'><strong>ab</strong></span> <span class='ocrx_word' id='word_1_47' title='bbox 329 1154 466 1230; x_wconf 85' lang='lat' dir='ltr'><strong>abbate,</strong></span> <span class='ocrx_word' id='word_1_48' title='bbox 490 1154 546 1219; x_wconf 86' lang='lat' dir='ltr'><strong>vel</strong></span> <span class='ocrx_word' id='word_1_49' title='bbox 570 1174 592 1217; x_wconf 91' lang='lat' dir='ltr'><strong>a</strong></span> <span class='ocrx_word' id='word_1_50' title='bbox 614 1153 777 1219; x_wconf 84' lang='lat' dir='ltr'><strong>fratribus</strong></span> <span class='ocrx_word' id='word_1_51' title='bbox 801 1155 955 1239; x_wconf 91' lang='lat' dir='ltr'><strong>ejusdem</strong></span> <span class='ocrx_word' id='word_1_52' title='bbox 980 1156 1048 1221; x_wconf 92' lang='lat' dir='ltr'><strong>loci</strong></span> <span class='ocrx_word' id='word_1_53' title='bbox 1069 1158 1123 1222; x_wconf 87' lang='lat' dir='ltr'><strong>in-</strong></span> 
     </span>
     <span class='ocr_line' id='line_1_9' title="bbox 171 1251 1124 1337; baseline 0.009 -23"><span class='ocrx_word' id='word_1_54' title='bbox 171 1251 302 1316; x_wconf 85' lang='lat' dir='ltr'><strong>vitatus</strong></span> <span class='ocrx_word' id='word_1_55' title='bbox 323 1253 437 1317; x_wconf 86' lang='lat' dir='ltr'><strong>fuerit.</strong></span> <span class='ocrx_word' id='word_1_56' title='bbox 490 1252 593 1333; x_wconf 85' lang='lat' dir='ltr'><strong>Quod</strong></span> <span class='ocrx_word' id='word_1_57' title='bbox 617 1255 647 1318; x_wconf 91' lang='lat' dir='ltr'><strong>si</strong></span> <span class='ocrx_word' id='word_1_58' title='bbox 670 1255 715 1318; x_wconf 89' lang='lat' dir='ltr'><strong>ad</strong></span> <span class='ocrx_word' id='word_1_59' title='bbox 735 1255 801 1318; x_wconf 91' lang='lat' dir='ltr'><strong>boc</strong></span> <span class='ocrx_word' id='word_1_60' title='bbox 822 1263 966 1320; x_wconf 87' lang='lat' dir='ltr'><strong>vocatus</strong></span> <span class='ocrx_word' id='word_1_61' title='bbox 978 1259 1124 1337; x_wconf 85' lang='lat' dir='ltr'><strong>venerit,</strong></span> 
     </span>
     <span class='ocr_line' id='line_1_10' title="bbox 174 1351 1123 1439; baseline 0.007 -25"><span class='ocrx_word' id='word_1_62' title='bbox 174 1351 259 1415; x_wconf 91' lang='lat' dir='ltr'><strong>nihil</strong></span> <span class='ocrx_word' id='word_1_63' title='bbox 273 1353 316 1416; x_wconf 89' lang='lat' dir='ltr'><strong>de</strong></span> <span class='ocrx_word' id='word_1_64' title='bbox 339 1355 441 1417; x_wconf 88' lang='lat' dir='ltr'><strong>rebus</strong></span> <span class='ocrx_word' id='word_1_65' title='bbox 465 1354 631 1431; x_wconf 82' lang='lat' dir='ltr'><strong>ecclesiae,</strong></span> <span class='ocrx_word' id='word_1_66' title='bbox 654 1354 714 1418; x_wconf 91' lang='lat' dir='ltr'><strong>sed</strong></span> <span class='ocrx_word' id='word_1_67' title='bbox 738 1375 801 1419; x_wconf 91' lang='lat' dir='ltr'><strong>nec</strong></span> <span class='ocrx_word' id='word_1_68' title='bbox 824 1356 866 1419; x_wconf 90' lang='lat' dir='ltr'><strong>de</strong></span> <span class='ocrx_word' id='word_1_69' title='bbox 889 1356 974 1439; x_wconf 90' lang='lat' dir='ltr'><strong>ipsis</strong></span> <span class='ocrx_word' id='word_1_70' title='bbox 998 1357 1123 1423; x_wconf 87' lang='lat' dir='ltr'><strong>oblati·</strong></span> 
     </span>
     <span class='ocr_line' id='line_1_11' title="bbox 171 1453 1123 1538; baseline 0.008 -23"><span class='ocrx_word' id='word_1_71' title='bbox 171 1453 295 1517; x_wconf 90' lang='lat' dir='ltr'><strong>onibus</strong></span> <span class='ocrx_word' id='word_1_72' title='bbox 318 1453 393 1536; x_wconf 92' lang='lat' dir='ltr'><strong>ipse</strong></span> <span class='ocrx_word' id='word_1_73' title='bbox 419 1453 485 1517; x_wconf 92' lang='lat' dir='ltr'><strong>sibi</strong></span> <span class='ocrx_word' id='word_1_74' title='bbox 512 1454 642 1536; x_wconf 87' lang='lat' dir='ltr'><strong>aliquid</strong></span> <span class='ocrx_word' id='word_1_75' title='bbox 667 1462 821 1538; x_wconf 88' lang='lat' dir='ltr'><strong>usurpet,</strong></span> <span class='ocrx_word' id='word_1_76' title='bbox 846 1455 959 1520; x_wconf 90' lang='lat' dir='ltr'><strong>sciens</strong></span> <span class='ocrx_word' id='word_1_77' title='bbox 989 1457 1123 1522; x_wconf 91' lang='lat' dir='ltr'><strong>dnobus</strong></span> 
     </span>
     <span class='ocr_line' id='line_1_12' title="bbox 171 1552 1123 1639; baseline 0.009 -25"><span class='ocrx_word' id='word_1_78' title='bbox 171 1552 207 1614; x_wconf 92' lang='lat' dir='ltr'><strong>in</strong></span> <span class='ocrx_word' id='word_1_79' title='bbox 231 1553 316 1617; x_wconf 90' lang='lat' dir='ltr'><strong>locis</strong></span> <span class='ocrx_word' id='word_1_80' title='bbox 345 1554 523 1638; x_wconf 85' lang='lat' dir='ltr'><strong>exipsius</strong></span> <span class='ocrx_word' id='word_1_81' title='bbox 553 1555 706 1618; x_wconf 89' lang='lat' dir='ltr'><strong>ecclesiae</strong></span> <span class='ocrx_word' id='word_1_82' title='bbox 734 1555 1007 1639; x_wconf 89' lang='lat' dir='ltr'><strong>possessionibus</strong></span> <span class='ocrx_word' id='word_1_83' title='bbox 1035 1558 1123 1623; x_wconf 89' lang='lat' dir='ltr'><strong>duas</strong></span> 
     </span>
     <span class='ocr_line' id='line_1_13' title="bbox 173 1650 1122 1736; baseline 0.007 -21"><span class='ocrx_word' id='word_1_84' title='bbox 173 1653 239 1716; x_wconf 92' lang='lat' dir='ltr'><strong>sibi</strong></span> <span class='ocrx_word' id='word_1_85' title='bbox 264 1654 441 1736; x_wconf 83' lang='lat' dir='ltr'><strong>delegatas</strong></span> <span class='ocrx_word' id='word_1_86' title='bbox 462 1655 671 1732; x_wconf 87' lang='lat' dir='ltr'><strong>mansiones,</strong></span> <span class='ocrx_word' id='word_1_87' title='bbox 687 1675 792 1718; x_wconf 89' lang='lat' dir='ltr'><strong>unam</strong></span> <span class='ocrx_word' id='word_1_88' title='bbox 820 1656 856 1718; x_wconf 89' lang='lat' dir='ltr'><strong>in</strong></span> <span class='ocrx_word' id='word_1_89' title='bbox 880 1650 1053 1735; x_wconf 86' lang='lat' dir='ltr'><strong>³Piltnna‚</strong></span> <span class='ocrx_word' id='word_1_90' title='bbox 1071 1659 1122 1722; x_wconf 89' lang='lat' dir='ltr'><strong>al·</strong></span> 
     </span>
     <span class='ocr_line' id='line_1_14' title="bbox 174 1747 1122 1837; baseline 0.007 -21"><span class='ocrx_word' id='word_1_91' title='bbox 174 1761 283 1817; x_wconf 90' lang='lat' dir='ltr'><strong>teram</strong></span> <span class='ocrx_word' id='word_1_92' title='bbox 305 1755 342 1816; x_wconf 94' lang='lat' dir='ltr'><strong>in</strong></span> <span class='ocrx_word' id='word_1_93' title='bbox 364 1754 449 1820; x_wconf 88' lang='lat' dir='ltr'><strong>villa</strong></span> <span class='ocrx_word' id='word_1_94' title='bbox 473 1775 551 1837; x_wconf 87' lang='lat' dir='ltr'><strong>qnae</strong></span> <span class='ocrx_word' id='word_1_95' title='bbox 566 1747 688 1819; x_wconf 75' lang='lat' dir='ltr'><strong>4Poelt</strong></span> <span class='ocrx_word' id='word_1_96' title='bbox 704 1754 840 1832; x_wconf 91' lang='lat' dir='ltr'><strong>dicitnr,</strong></span> <span class='ocrx_word' id='word_1_97' title='bbox 861 1763 900 1820; x_wconf 91' lang='lat' dir='ltr'><strong>ut</strong></span> <span class='ocrx_word' id='word_1_98' title='bbox 921 1756 1048 1821; x_wconf 87' lang='lat' dir='ltr'><strong>habeat</strong></span> <span class='ocrx_word' id='word_1_99' title='bbox 1062 1759 1122 1823; x_wconf 88' lang='lat' dir='ltr'><strong>ubi</strong></span> 
     </span>
     <span class='ocr_line' id='line_1_15' title="bbox 174 1853 1122 1938; baseline 0.005 -20"><span class='ocrx_word' id='word_1_100' title='bbox 174 1853 230 1918; x_wconf 89' lang='lat' dir='ltr'><strong>vel</strong></span> <span class='ocrx_word' id='word_1_101' title='bbox 253 1854 438 1918; x_wconf 89' lang='lat' dir='ltr'><strong>adveniens</strong></span> <span class='ocrx_word' id='word_1_102' title='bbox 461 1855 665 1938; x_wconf 86' lang='lat' dir='ltr'><strong>hospitetur,</strong></span> <span class='ocrx_word' id='word_1_103' title='bbox 690 1856 746 1919; x_wconf 85' lang='lat' dir='ltr'><strong>vel</strong></span> <span class='ocrx_word' id='word_1_104' title='bbox 778 1855 858 1919; x_wconf 90' lang='lat' dir='ltr'><strong>inde</strong></span> <span class='ocrx_word' id='word_1_105' title='bbox 878 1857 1020 1921; x_wconf 86' lang='lat' dir='ltr'><strong>veniens</strong></span> <span class='ocrx_word' id='word_1_106' title='bbox 1046 1877 1122 1923; x_wconf 90' lang='lat' dir='ltr'><strong>sese</strong></span> 
     </span>
     <span class='ocr_line' id='line_1_16' title="bbox 171 1954 1122 2040; baseline 0.007 -25"><span class='ocrx_word' id='word_1_107' title='bbox 171 1954 326 2036; x_wconf 89' lang='lat' dir='ltr'><strong>recipiat.</strong></span> <span class='ocrx_word' id='word_1_108' title='bbox 379 1955 503 2038; x_wconf 91' lang='lat' dir='ltr'><strong>Neque</strong></span> <span class='ocrx_word' id='word_1_109' title='bbox 526 1955 618 2019; x_wconf 91' lang='lat' dir='ltr'><strong>enim</strong></span> <span class='ocrx_word' id='word_1_110' title='bbox 641 1975 720 2019; x_wconf 91' lang='lat' dir='ltr'><strong>eum</strong></span> <span class='ocrx_word' id='word_1_111' title='bbox 743 1956 803 2033; x_wconf 88' lang='lat' dir='ltr'><strong>ibi,</strong></span> <span class='ocrx_word' id='word_1_112' title='bbox 826 1956 894 2019; x_wconf 93' lang='lat' dir='ltr'><strong>nisi</strong></span> <span class='ocrx_word' id='word_1_113' title='bbox 918 1957 1122 2040; x_wconf 87' lang='lat' dir='ltr'><strong>importuni-</strong></span> 
     </span>
     <span class='ocr_line' id='line_1_17' title="bbox 171 2055 1122 2139; baseline 0.005 -22"><span class='ocrx_word' id='word_1_114' title='bbox 171 2060 244 2118; x_wconf 88' lang='lat' dir='ltr'><strong>tate</strong></span> <span class='ocrx_word' id='word_1_115' title='bbox 278 2056 442 2139; x_wconf 90' lang='lat' dir='ltr'><strong>temporis</strong></span> <span class='ocrx_word' id='word_1_116' title='bbox 478 2062 540 2119; x_wconf 89' lang='lat' dir='ltr'><strong>aut</strong></span> <span class='ocrx_word' id='word_1_117' title='bbox 577 2055 735 2119; x_wconf 92' lang='lat' dir='ltr'><strong>molestia</strong></span> <span class='ocrx_word' id='word_1_118' title='bbox 771 2057 923 2138; x_wconf 90' lang='lat' dir='ltr'><strong>corporis</strong></span> <span class='ocrx_word' id='word_1_119' title='bbox 961 2057 1122 2122; x_wconf 90' lang='lat' dir='ltr'><strong>detentus</strong></span> 
     </span>
     <span class='ocr_line' id='line_1_18' title="bbox 170 2151 1122 2238; baseline 0.006 -21"><span class='ocrx_word' id='word_1_120' title='bbox 170 2151 285 2232; x_wconf 88' lang='lat' dir='ltr'><strong>suerit,</strong></span> <span class='ocrx_word' id='word_1_121' title='bbox 301 2162 362 2219; x_wconf 92' lang='lat' dir='ltr'><strong>aut</strong></span> <span class='ocrx_word' id='word_1_122' title='bbox 376 2157 420 2219; x_wconf 90' lang='lat' dir='ltr'><strong>ab</strong></span> <span class='ocrx_word' id='word_1_123' title='bbox 439 2157 564 2220; x_wconf 83' lang='lat' dir='ltr'><strong>abbate</strong></span> <span class='ocrx_word' id='word_1_124' title='bbox 578 2156 634 2221; x_wconf 86' lang='lat' dir='ltr'><strong>vel</strong></span> <span class='ocrx_word' id='word_1_125' title='bbox 656 2156 819 2219; x_wconf 83' lang='lat' dir='ltr'><strong>fratribus</strong></span> <span class='ocrx_word' id='word_1_126' title='bbox 842 2163 984 2238; x_wconf 82' lang='lat' dir='ltr'><strong>rogatus</strong></span> <span class='ocrx_word' id='word_1_127' title='bbox 1006 2156 1122 2237; x_wconf 89' lang='lat' dir='ltr'><strong>fuerit,</strong></span> 
     </span>
     <span class='ocr_line' id='line_1_19' title="bbox 171 2257 1122 2340; baseline 0.005 -22"><span class='ocrx_word' id='word_1_128' title='bbox 171 2275 234 2318; x_wconf 91' lang='lat' dir='ltr'><strong>nec</strong></span> <span class='ocrx_word' id='word_1_129' title='bbox 256 2257 404 2339; x_wconf 86' lang='lat' dir='ltr'><strong>amplius</strong></span> <span class='ocrx_word' id='word_1_130' title='bbox 426 2275 530 2338; x_wconf 91' lang='lat' dir='ltr'><strong>quam</strong></span> <span class='ocrx_word' id='word_1_131' title='bbox 552 2276 629 2320; x_wconf 86' lang='lat' dir='ltr'><strong>curn</strong></span> <span class='ocrx_word' id='word_1_132' title='bbox 653 2257 763 2321; x_wconf 92' lang='lat' dir='ltr'><strong>tribus</strong></span> <span class='ocrx_word' id='word_1_133' title='bbox 786 2263 847 2320; x_wconf 89' lang='lat' dir='ltr'><strong>aut</strong></span> <span class='ocrx_word' id='word_1_134' title='bbox 870 2276 948 2320; x_wconf 91' lang='lat' dir='ltr'><strong>cum</strong></span> <span class='ocrx_word' id='word_1_135' title='bbox 971 2265 1122 2340; x_wconf 89' lang='lat' dir='ltr'><strong>quatuor</strong></span> 
     </span>
     <span class='ocr_line' id='line_1_20' title="bbox 169 2355 1121 2439; baseline 0.005 -21"><span class='ocrx_word' id='word_1_136' title='bbox 169 2355 303 2420; x_wconf 86' lang='lat' dir='ltr'><strong>clericis</strong></span> <span class='ocrx_word' id='word_1_137' title='bbox 327 2363 531 2439; x_wconf 92' lang='lat' dir='ltr'><strong>pernoctare</strong></span> <span class='ocrx_word' id='word_1_138' title='bbox 554 2357 648 2422; x_wconf 84' lang='lat' dir='ltr'><strong>licet.</strong></span> <span class='ocrx_word' id='word_1_139' title='bbox 701 2357 781 2420; x_wconf 93' lang='lat' dir='ltr'><strong>Hoc</strong></span> <span class='ocrx_word' id='word_1_140' title='bbox 802 2357 907 2421; x_wconf 92' lang='lat' dir='ltr'><strong>etiam</strong></span> <span class='ocrx_word' id='word_1_141' title='bbox 932 2358 1121 2439; x_wconf 86' lang='lat' dir='ltr'><strong>praevideat</strong></span> 
     </span>
     <span class='ocr_line' id='line_1_21' title="bbox 170 2455 1120 2539; baseline 0.004 -21"><span class='ocrx_word' id='word_1_142' title='bbox 170 2455 261 2519; x_wconf 92' lang='lat' dir='ltr'><strong>idem</strong></span> <span class='ocrx_word' id='word_1_143' title='bbox 284 2458 478 2539; x_wconf 80' lang='lat' dir='ltr'><strong>episcopuS,</strong></span> <span class='ocrx_word' id='word_1_144' title='bbox 509 2463 548 2520; x_wconf 93' lang='lat' dir='ltr'><strong>ut</strong></span> <span class='ocrx_word' id='word_1_145' title='bbox 577 2456 722 2538; x_wconf 83' lang='lat' dir='ltr'><strong>singulis</strong></span> <span class='ocrx_word' id='word_1_146' title='bbox 750 2457 850 2521; x_wconf 88' lang='lat' dir='ltr'><strong>annis</strong></span> <span class='ocrx_word' id='word_1_147' title='bbox 880 2477 958 2521; x_wconf 88' lang='lat' dir='ltr'><strong>cum</strong></span> <span class='ocrx_word' id='word_1_148' title='bbox 988 2457 1120 2523; x_wconf 85' lang='lat' dir='ltr'><strong>clericis</strong></span> 
     </span>
     <span class='ocr_line' id='line_1_22' title="bbox 168 2551 1120 2639; baseline 0.004 -21"><span class='ocrx_word' id='word_1_149' title='bbox 168 2555 241 2619; x_wconf 89' lang='lat' dir='ltr'><strong>suis</strong></span> <span class='ocrx_word' id='word_1_150' title='bbox 272 2558 331 2639; x_wconf 90' lang='lat' dir='ltr'><strong>qni</strong></span> <span class='ocrx_word' id='word_1_151' title='bbox 359 2551 564 2621; x_wconf 87' lang='lat' dir='ltr'><strong>⁵Fontineto</strong></span> <span class='ocrx_word' id='word_1_152' title='bbox 593 2564 687 2634; x_wconf 90' lang='lat' dir='ltr'><strong>sunt,</strong></span> <span class='ocrx_word' id='word_1_153' title='bbox 709 2557 819 2639; x_wconf 89' lang='lat' dir='ltr'><strong>ipsam</strong></span> <span class='ocrx_word' id='word_1_154' title='bbox 842 2564 986 2622; x_wconf 86' lang='lat' dir='ltr'><strong>matrem</strong></span> <span class='ocrx_word' id='word_1_155' title='bbox 1021 2576 1120 2622; x_wconf 89' lang='lat' dir='ltr'><strong>snam</strong></span> 
     </span>
     <span class='ocr_line' id='line_1_23' title="bbox 171 2654 1121 2734; baseline 0.003 -15"><span class='ocrx_word' id='word_1_156' title='bbox 171 2654 451 2721; x_wconf 87' lang='lat' dir='ltr'><strong>Glastoniensem</strong></span> <span class='ocrx_word' id='word_1_157' title='bbox 474 2657 665 2734; x_wconf 88' lang='lat' dir='ltr'><strong>ecclesiam,</strong></span> <span class='ocrx_word' id='word_1_158' title='bbox 680 2657 839 2723; x_wconf 90' lang='lat' dir='ltr'><strong>videlicet</strong></span> <span class='ocrx_word' id='word_1_159' title='bbox 861 2656 947 2721; x_wconf 88' lang='lat' dir='ltr'><strong>feria</strong></span> <span class='ocrx_word' id='word_1_160' title='bbox 968 2659 1121 2722; x_wconf 88' lang='lat' dir='ltr'><strong>secunda</strong></span> 
     </span>
     <span class='ocr_line' id='line_1_24' title="bbox 168 2756 1119 2842; baseline 0.001 -21"><span class='ocrx_word' id='word_1_161' title='bbox 168 2764 247 2838; x_wconf 92' lang='lat' dir='ltr'><strong>post</strong></span> <span class='ocrx_word' id='word_1_162' title='bbox 278 2756 527 2822; x_wconf 89' lang='lat' dir='ltr'><strong>Ascensionem</strong></span> <span class='ocrx_word' id='word_1_163' title='bbox 556 2757 709 2834; x_wconf 90' lang='lat' dir='ltr'><strong>Domini,</strong></span> <span class='ocrx_word' id='word_1_164' title='bbox 740 2777 818 2821; x_wconf 91' lang='lat' dir='ltr'><strong>cum</strong></span> <span class='ocrx_word' id='word_1_165' title='bbox 842 2757 972 2821; x_wconf 91' lang='lat' dir='ltr'><strong>letania</strong></span> <span class='ocrx_word' id='word_1_166' title='bbox 998 2778 1119 2842; x_wconf 84' lang='lat' dir='ltr'><strong>recog·</strong></span> 
     </span>
     <span class='ocr_line' id='line_1_25' title="bbox 166 2856 1119 2939; baseline 0.003 -21"><span class='ocrx_word' id='word_1_167' title='bbox 166 2865 297 2924; x_wconf 89' lang='lat' dir='ltr'><strong>noscat.</strong></span> <span class='ocrx_word' id='word_1_168' title='bbox 351 2856 455 2937; x_wconf 86' lang='lat' dir='ltr'><strong>Quod</strong></span> <span class='ocrx_word' id='word_1_169' title='bbox 474 2859 504 2921; x_wconf 93' lang='lat' dir='ltr'><strong>si</strong></span> <span class='ocrx_word' id='word_1_170' title='bbox 525 2858 686 2939; x_wconf 90' lang='lat' dir='ltr'><strong>superbia</strong></span> <span class='ocrx_word' id='word_1_171' title='bbox 710 2857 852 2921; x_wconf 91' lang='lat' dir='ltr'><strong>inflatus</strong></span> <span class='ocrx_word' id='word_1_172' title='bbox 874 2877 951 2921; x_wconf 89' lang='lat' dir='ltr'><strong>eam</strong></span> <span class='ocrx_word' id='word_1_173' title='bbox 977 2858 1119 2921; x_wconf 90' lang='lat' dir='ltr'><strong>distule-</strong></span> 
     </span>
     <span class='ocr_line' id='line_1_26' title="bbox 169 2957 1119 3041; baseline 0.003 -22"><span class='ocrx_word' id='word_1_174' title='bbox 169 2957 226 3034; x_wconf 86' lang='lat' dir='ltr'><strong>rit,</strong></span> <span class='ocrx_word' id='word_1_175' title='bbox 257 2965 293 3022; x_wconf 91' lang='lat' dir='ltr'><strong>et</strong></span> <span class='ocrx_word' id='word_1_176' title='bbox 320 2978 399 3041; x_wconf 86' lang='lat' dir='ltr'><strong>quae</strong></span> <span class='ocrx_word' id='word_1_177' title='bbox 427 2958 584 3041; x_wconf 90' lang='lat' dir='ltr'><strong>superius</strong></span> <span class='ocrx_word' id='word_1_178' title='bbox 616 2958 710 3022; x_wconf 91' lang='lat' dir='ltr'><strong>dicta</strong></span> <span class='ocrx_word' id='word_1_179' title='bbox 734 2964 770 3021; x_wconf 92' lang='lat' dir='ltr'><strong>et</strong></span> <span class='ocrx_word' id='word_1_180' title='bbox 799 2957 1002 3021; x_wconf 90' lang='lat' dir='ltr'><strong>confirmata</strong></span> <span class='ocrx_word' id='word_1_181' title='bbox 1038 2958 1119 3023; x_wconf 91' lang='lat' dir='ltr'><strong>sunt</strong></span> 
     </span>
     <span class='ocr_line' id='line_1_27' title="bbox 169 3057 1118 3142; baseline -0.001 -22"><span class='ocrx_word' id='word_1_182' title='bbox 169 3059 460 3139; x_wconf 87' lang='lat' dir='ltr'><strong>praevaricaverit,</strong></span> <span class='ocrx_word' id='word_1_183' title='bbox 477 3059 672 3122; x_wconf 89' lang='lat' dir='ltr'><strong>mansiones</strong></span> <span class='ocrx_word' id='word_1_184' title='bbox 688 3057 753 3120; x_wconf 90' lang='lat' dir='ltr'><strong>sibi</strong></span> <span class='ocrx_word' id='word_1_185' title='bbox 769 3059 925 3140; x_wconf 87' lang='lat' dir='ltr'><strong>superius</strong></span> <span class='ocrx_word' id='word_1_186' title='bbox 941 3057 1118 3142; x_wconf 73' lang='lat' dir='ltr'><strong>delegatas</strong></span> 
     </span>
     <span class='ocr_line' id='line_1_28' title="bbox 167 3157 1118 3240; baseline -0.001 -19"><span class='ocrx_word' id='word_1_187' title='bbox 167 3159 316 3223; x_wconf 87' lang='lat' dir='ltr'><strong>amittat.</strong></span> <span class='ocrx_word' id='word_1_188' title='bbox 368 3157 489 3223; x_wconf 86' lang='lat' dir='ltr'><strong>Abbas</strong></span> <span class='ocrx_word' id='word_1_189' title='bbox 505 3159 558 3222; x_wconf 91' lang='lat' dir='ltr'><strong>vel</strong></span> <span class='ocrx_word' id='word_1_190' title='bbox 574 3158 768 3224; x_wconf 86' lang='lat' dir='ltr'><strong>monachia</strong></span> <span class='ocrx_word' id='word_1_191' title='bbox 782 3177 997 3240; x_wconf 90' lang='lat' dir='ltr'><strong>quocumque</strong></span> <span class='ocrx_word' id='word_1_192' title='bbox 1022 3158 1118 3221; x_wconf 89' lang='lat' dir='ltr'><strong>volu·</strong></span> 
     </span>
     <span class='ocr_line' id='line_1_29' title="bbox 168 3256 1117 3342; baseline 0.001 -21"><span class='ocrx_word' id='word_1_193' title='bbox 168 3259 270 3337; x_wconf 87' lang='lat' dir='ltr'><strong>crint,</strong></span> <span class='ocrx_word' id='word_1_194' title='bbox 299 3259 358 3342; x_wconf 92' lang='lat' dir='ltr'><strong>qui</strong></span> <span class='ocrx_word' id='word_1_195' title='bbox 389 3258 528 3323; x_wconf 91' lang='lat' dir='ltr'><strong>Pascha</strong></span> <span class='ocrx_word' id='word_1_196' title='bbox 558 3259 762 3322; x_wconf 90' lang='lat' dir='ltr'><strong>canonicum</strong></span> <span class='ocrx_word' id='word_1_197' title='bbox 790 3256 950 3334; x_wconf 89' lang='lat' dir='ltr'><strong>celebret,</strong></span> <span class='ocrx_word' id='word_1_198' title='bbox 978 3257 1117 3322; x_wconf 92' lang='lat' dir='ltr'><strong>ecclesi·</strong></span> 
     </span>
     <span class='ocr_line' id='line_1_30' title="bbox 168 3358 1118 3440; baseline 0.002 -19"><span class='ocrx_word' id='word_1_199' title='bbox 168 3359 279 3423; x_wconf 88' lang='lat' dir='ltr'><strong>astica</strong></span> <span class='ocrx_word' id='word_1_200' title='bbox 300 3368 516 3423; x_wconf 87' lang='lat' dir='ltr'><strong>sacramenta</strong></span> <span class='ocrx_word' id='word_1_201' title='bbox 540 3360 576 3422; x_wconf 96' lang='lat' dir='ltr'><strong>in</strong></span> <span class='ocrx_word' id='word_1_202' title='bbox 592 3358 832 3440; x_wconf 84' lang='lat' dir='ltr'><strong>Glastingensi</strong></span> <span class='ocrx_word' id='word_1_203' title='bbox 853 3359 1009 3435; x_wconf 89' lang='lat' dir='ltr'><strong>ecclesia,</strong></span> <span class='ocrx_word' id='word_1_204' title='bbox 1032 3359 1118 3423; x_wconf 91' lang='lat' dir='ltr'><strong>etin</strong></span> 
     </span>
     <span class='ocr_line' id='line_1_31' title="bbox 168 3459 1118 3542; baseline -0.001 -20"><span class='ocrx_word' id='word_1_205' title='bbox 168 3459 320 3523; x_wconf 87' lang='lat' dir='ltr'><strong>ecclesiis</strong></span> <span class='ocrx_word' id='word_1_206' title='bbox 344 3459 409 3523; x_wconf 90' lang='lat' dir='ltr'><strong>sibi</strong></span> <span class='ocrx_word' id='word_1_207' title='bbox 431 3460 588 3536; x_wconf 84' lang='lat' dir='ltr'><strong>subditis,</strong></span> <span class='ocrx_word' id='word_1_208' title='bbox 608 3465 644 3522; x_wconf 95' lang='lat' dir='ltr'><strong>et</strong></span> <span class='ocrx_word' id='word_1_209' title='bbox 664 3460 701 3522; x_wconf 91' lang='lat' dir='ltr'><strong>in</strong></span> <span class='ocrx_word' id='word_1_210' title='bbox 724 3477 841 3522; x_wconf 91' lang='lat' dir='ltr'><strong>earum</strong></span> <span class='ocrx_word' id='word_1_211' title='bbox 864 3459 1017 3542; x_wconf 88' lang='lat' dir='ltr'><strong>capellis,</strong></span> <span class='ocrx_word' id='word_1_212' title='bbox 1039 3478 1118 3540; x_wconf 91' lang='lat' dir='ltr'><strong>per-</strong></span> 
     </span>
     <span class='ocr_line' id='line_1_32' title="bbox 168 3557 1117 3642; baseline 0.002 -21"><span class='ocrx_word' id='word_1_213' title='bbox 168 3558 306 3641; x_wconf 89' lang='lat' dir='ltr'><strong>cipiant.</strong></span> <span class='ocrx_word' id='word_1_214' title='bbox 335 3566 338 3571; x_wconf 57' lang='lat'><strong>⁴</strong></span> <span class='ocrx_word' id='word_1_215' title='bbox 379 3559 545 3642; x_wconf 85' lang='lat' dir='ltr'><strong>Quisquis</strong></span> <span class='ocrx_word' id='word_1_216' title='bbox 582 3566 698 3622; x_wconf 90' lang='lat' dir='ltr'><strong>autem</strong></span> <span class='ocrx_word' id='word_1_217' title='bbox 735 3557 838 3642; x_wconf 90' lang='lat' dir='ltr'><strong>hujus</strong></span> <span class='ocrx_word' id='word_1_218' title='bbox 874 3558 1117 3629; x_wconf 88' lang='lat' dir='ltr'><strong>munificentiae</strong></span> 
     </span>
     <span class='ocr_line' id='line_1_33' title="bbox 166 3658 1118 3742; baseline 0 -20"><span class='ocrx_word' id='word_1_219' title='bbox 166 3679 251 3723; x_wconf 89' lang='lat' dir='ltr'><strong>meae</strong></span> <span class='ocrx_word' id='word_1_220' title='bbox 269 3668 303 3724; x_wconf 93' lang='lat' dir='ltr'><strong>et</strong></span> <span class='ocrx_word' id='word_1_221' title='bbox 317 3660 533 3724; x_wconf 87' lang='lat' dir='ltr'><strong>liberalitatis</strong></span> <span class='ocrx_word' id='word_1_222' title='bbox 549 3665 806 3735; x_wconf 86' lang='lat' dir='ltr'><strong>testamentum,</strong></span> <span class='ocrx_word' id='word_1_223' title='bbox 820 3658 941 3741; x_wconf 85' lang='lat' dir='ltr'><strong>quovis</strong></span> <span class='ocrx_word' id='word_1_224' title='bbox 956 3658 1118 3742; x_wconf 91' lang='lat' dir='ltr'><strong>deinceps</strong></span> 
     </span>
     <span class='ocr_line' id='line_1_34' title="bbox 167 3756 1118 3844; baseline -0.002 -21"><span class='ocrx_word' id='word_1_225' title='bbox 167 3767 332 3844; x_wconf 88' lang='lat' dir='ltr'><strong>tempore,</strong></span> <span class='ocrx_word' id='word_1_226' title='bbox 352 3761 469 3844; x_wconf 91' lang='lat' dir='ltr'><strong>aliqua</strong></span> <span class='ocrx_word' id='word_1_227' title='bbox 492 3758 684 3837; x_wconf 87' lang='lat' dir='ltr'><strong>occasione,</strong></span> <span class='ocrx_word' id='word_1_228' title='bbox 706 3756 891 3842; x_wconf 90' lang='lat' dir='ltr'><strong>cujuslibet</strong></span> <span class='ocrx_word' id='word_1_229' title='bbox 914 3758 1018 3822; x_wconf 91' lang='lat' dir='ltr'><strong>etiam</strong></span> <span class='ocrx_word' id='word_1_230' title='bbox 1042 3759 1118 3840; x_wconf 83' lang='lat' dir='ltr'><strong>dig·</strong></span> 
     </span>
    </p>
   </div>
   <div class='ocr_carea' id='block_1_3' title="bbox 202 4065 1119 4274">
    <p class='ocr_par' dir='ltr' id='par_1_3' title="bbox 202 4043 1119 4274">
     <span class='ocr_line' id='line_1_35' title="bbox 204 4065 1101 4132; baseline -0.006 -14"><span class='ocrx_word' id='word_1_231' title='bbox 204 4065 213 4097; x_wconf 90' lang='lat'>¹</span> <span class='ocrx_word' id='word_1_232' title='bbox 223 4068 329 4132; x_wconf 73' lang='lat' dir='ltr'><strong>Sapua.</strong></span> <span class='ocrx_word' id='word_1_233' title='bbox 359 4070 388 4118; x_wconf 84' lang='grc' dir='ltr'><strong>Ε.</strong></span> <span class='ocrx_word' id='word_1_234' title='bbox 399 4086 407 4131; x_wconf 87' lang='grc'><strong>;</strong></span> <span class='ocrx_word' id='word_1_235' title='bbox 417 4069 543 4131; x_wconf 82' lang='lat' dir='ltr'><strong>Sapweie,</strong></span> <span class='ocrx_word' id='word_1_236' title='bbox 555 4069 629 4120; x_wconf 76' lang='grc' dir='ltr'><strong>ΒΜ.</strong></span> <span class='ocrx_word' id='word_1_237' title='bbox 690 4066 701 4098; x_wconf 88' lang='lat'><strong>⁴</strong></span> <span class='ocrx_word' id='word_1_238' title='bbox 712 4069 805 4132; x_wconf 71' lang='lat' dir='ltr'><strong>Poeta]</strong></span> <span class='ocrx_word' id='word_1_239' title='bbox 823 4069 873 4129; x_wconf 87' lang='lat' dir='ltr'><strong>E.;</strong></span> <span class='ocrx_word' id='word_1_240' title='bbox 889 4067 999 4126; x_wconf 92' lang='lat' dir='ltr'><strong>Wohelt‚</strong></span> <span class='ocrx_word' id='word_1_241' title='bbox 1010 4067 1045 4119; x_wconf 80' lang='lat' dir='ltr'><strong>D.</strong></span> <span class='ocrx_word' id='word_1_242' title='bbox 1057 4066 1101 4119; x_wconf 72' lang='lat' dir='ltr'><strong>M.</strong></span> 
     </span>
     <span class='ocr_line' id='line_1_36' title="bbox 202 4135 1119 4202; baseline 0.002 -15"><span class='ocrx_word' id='word_1_243' title='bbox 202 4137 332 4188; x_wconf 81' lang='lat' dir='ltr'><strong>²Pr&#39;ltuue.</strong></span> <span class='ocrx_word' id='word_1_244' title='bbox 361 4140 410 4201; x_wconf 82' lang='lat' dir='ltr'><strong>E.;</strong></span> <span class='ocrx_word' id='word_1_245' title='bbox 421 4139 543 4201; x_wconf 88' lang='lat' dir='ltr'><strong>Wiltune,</strong></span> <span class='ocrx_word' id='word_1_246' title='bbox 553 4140 629 4188; x_wconf 76' lang='grc' dir='ltr'><strong>ΒΜ.</strong></span> <span class='ocrx_word' id='word_1_247' title='bbox 688 4137 863 4202; x_wconf 78' lang='lat' dir='ltr'><strong>⁵Fontr&#39;ueto.]</strong></span> <span class='ocrx_word' id='word_1_248' title='bbox 881 4137 971 4200; x_wconf 88' lang='lat' dir='ltr'><strong>Wells,</strong></span> <span class='ocrx_word' id='word_1_249' title='bbox 982 4137 1008 4186; x_wconf 94' lang='lat' dir='ltr'><strong>in</strong></span> <span class='ocrx_word' id='word_1_250' title='bbox 1020 4135 1119 4189; x_wconf 79' lang='lat' dir='ltr'><strong>Somet-</strong></span> 
     </span>
     <span class='ocr_line' id='line_1_37' title="bbox 204 4207 769 4274; baseline -0.004 -15"><span class='ocrx_word' id='word_1_251' title='bbox 204 4207 351 4274; x_wconf 79' lang='lat' dir='ltr'><strong>³Piltuoo.]</strong></span> <span class='ocrx_word' id='word_1_252' title='bbox 363 4212 412 4271; x_wconf 83' lang='lat' dir='ltr'><strong>E.;</strong></span> <span class='ocrx_word' id='word_1_253' title='bbox 423 4210 629 4272; x_wconf 86' lang='lat' dir='ltr'><strong>Wiltnna,D.M.</strong></span> <span class='ocrx_word' id='word_1_254' title='bbox 653 4209 769 4265; x_wconf 81' lang='lat' dir='ltr'><strong>setshire,</strong></span> 
     </span>
    </p>
   </div>
   <div class='ocr_carea' id='block_1_4' title="bbox 0 0 1434 4890">
    <p class='ocr_par' dir='ltr' id='par_1_4' title="bbox 0 0 1434 4890">
     <span class='ocr_line' id='line_1_38' title="bbox 0 0 1434 4890; baseline 0 2"><span class='ocrx_word' id='word_1_255' title='bbox 0 0 1434 4890; x_wconf 95' lang='lat' dir='ltr'><strong> </strong></span> 
     </span>
    </p>
   </div>
  </div>
 </body>
</html>
