2858 4890
200 2475 257 2517 dunt
265 2477 324 2526 king,

200 2528 257 2567 Μ).
268 2528 323 2568 1017.

364 386 431 452 aot
585 401 698 450 cnsrn
723 401 849 450 aucun
873 402 1088 452 nunnonuu.
1171 385 1317 468 [mnu.

366 559 501 637 Emma,
520 559 679 624 Elfredus
703 567 738 624 et
755 558 959 637 Edwardus,
979 566 1054 623 toto
1076 565 1230 640 tempore
1246 577 1317 640 quo

367 659 482 724 Cnuto
498 661 600 738 vixit,
616 661 652 723 in
670 659 887 724 Normannia
902 667 997 724 tutas
1014 659 1131 723 fovere
1149 658 1316 722 latebras.

367 759 422 823 De
453 760 589 824 illorum
626 761 663 823 in
693 760 841 842 patriam
871 759 1089 824 restitutione
1125 758 1316 823 Ricardum

365 860 575 923 avunculum
599 859 684 922 nihil
702 861 814 940 egisse
832 860 1070 942 comperimus,
1091 859 1175 941 quin
1198 865 1234 921 et
1257 876 1315 920 so-

364 980 476 1024 rorem
502 979 601 1024 suam
626 960 784 1023 Emmam
811 958 903 1022 hosti
931 966 966 1023 et
991 959 1142 1023 invasori
1166 964 1316 1040 nuptum

365 1059 568 1140 collocavit;
596 1061 734 1141 ignores
759 1058 890 1143 majore
922 1053 1031 1122 ¹illius
1061 1058 1227 1122 dedecore
1255 1057 1317 1140 qui

365 1159 508 1236 dederit,
542 1179 587 1222 an
624 1158 775 1223 soeminae
809 1178 887 1242 quae
919 1157 1132 1223 consenserit
1162 1163 1204 1220 ut
1234 1157 1315 1222 tha-

364 1258 456 1322 lamo
476 1258 569 1322 illius
594 1260 722 1323 caleret
751 1260 811 1341 qui
835 1259 946 1323 virum
972 1258 1201 1335 infestaverit,
1223 1257 1315 1321 filios

364 1358 578 1440 effugaverit.
611 1359 721 1423 Porro
734 1358 920 1436 Robertus‚
932 1377 1034 1441 quem
1048 1359 1207 1441 superius
1222 1351 1315 1423 ²dix·

364 1458 453 1522 imus
470 1458 718 1542 lerosolymam
733 1458 850 1536 ivisse,
864 1459 1075 1535 multotiens,
1093 1459 1315 1540 congregatis

364 1559 511 1623 navibus
536 1566 571 1622 et
592 1559 764 1642 impositis
785 1558 965 1635 militibus,
981 1559 1228 1640 profectionem
1245 1559 1315 1642 'pa-

356 1659 467 1735 -ravit,
485 1659 630 1722 subinde
640 1658 808 1741 jactitans
828 1677 865 1723 se
887 1666 1094 1740 pronepotes
1108 1677 1190 1722 suos
1214 1677 1314 1722 coro-

364 1766 547 1822 naturum:
571 1765 607 1821 et
629 1758 854 1840 proculdubio
872 1758 974 1821 fidem
1000 1757 1101 1822 dictis
1126 1758 1315 1840 explesset,

364 1858 432 1921 nisi
454 1859 537 1942 quia
559 1855 616 1943 (ut
638 1877 660 1921 a
681 1857 870 1942 majoribus
889 1855 1102 1942 accepimus)
1125 1877 1260 1940 semper
1281 1859 1315 1923 ei

363 1965 488 2022 ventus
519 1957 769 2022 adversabatur
802 1959 1007 2036 contrarius,
1040 1978 1103 2040 per
1139 1958 1314 2022 occultum

357 2058 495 2122 scilicet
510 2057 578 2121 Dei
587 2058 770 2142 judicium,
783 2058 820 2121 in
835 2058 935 2142 cujus
953 2059 1133 2123 voluntate
1155 2064 1238 2121 sunt
1250 2059 1315 2141 po-

363 2163 508 2222 testates
539 2179 724 2240 regnorum
757 2159 920 2223 omniurn.
974 2159 1146 2241 Reliquiae
1171 2159 1313 2237 ratium,

362 2258 471 2322 multo
507 2265 661 2341 tempore
690 2258 947 2335 dissolutarum,
979 2259 1170 2340 Rotomagi
1200 2258 1314 2324 adbuc

358 2364 483 2421 nostra
500 2365 605 2422 aetate
621 2358 835 2423 visebantur.

414 2458 431 2541 §
444 2457 519 2522 181.
543 2456 647 2523 Anno
661 2457 909 2523 incarnationis
925 2457 1117 2522 Dominicae
1130 2458 1313 2524 millesimo

361 2557 493 2622 decimo
519 2559 667 2641 septimo
692 2558 807 2624 Cnuto
830 2578 974 2640 regnare
995 2559 1113 2641 coepit,
1136 2566 1172 2623 et
1187 2560 1314 2642 viginti
1344 2570 1346 2575 “

359 2660 461 2727 annis
486 2660 668 2740 regnavit3
700 2659 829 2743 injuste
850 2658 988 2741 quidem
1008 2679 1154 2740 regnum
1178 2659 1314 2741 ingres·

361 2777 432 2837 sus,
461 2759 522 2823 sed
555 2779 683 2841 magna
715 2760 883 2823 civilitate
909 2766 945 2823 et
972 2758 1174 2824 fortitudine
1202 2760 1312 2824 vitam

360 2877 581 2943 componens,
635 2857 762 2948 Primis
786 2859 906 2922 diebus
930 2879 1075 2940 regnum
1100 2859 1137 2922 in
1159 2866 1313 2942 quatuor

360 2960 522 3040 partitus,
561 2960 627 3023 sibi
656 2958 946 3035 west-Saxones,
985 2959 1110 3023 Edrico
1147 2958 1312 3039 Marcios,

360 3057 521 3123 Turkillo
547 3059 744 3124 Orientales
758 3057 907 3139 AngloS,
931 3057 1036 3122 Iricio
1058 3058 1310 3123 Nortbanbim-

360 3159 462 3224 bros:
489 3179 530 3223 ac
553 3161 662 3242 primo
686 3159 923 3223 interfectores
941 3158 1125 3236 Edmundi,
1140 3159 1201 3242 qui
1215 3161 1310 3225 ultro

358 3278 421 3341 spe
436 3260 588 3342 ingentis
608 3260 741 3343 praemii
757 3279 830 3322 rem
847 3258 1054 3336 detulerant,
1077 3259 1168 3341 apud
1192 3279 1229 3323 se
1254 3260 1310 3325 in-

358 3360 459 3423 terim
484 3361 627 3437 celatos,
643 3378 771 3441 magna
786 3358 980 3441 frequentia
1002 3359 1122 3442 populi
1144 3360 1312 3442 produxit

357 3457 394 3521 in
409 3459 571 3536 medium,
586 3461 770 3543 palamque
784 3479 895 3540 genus
916 3458 1119 3522 insidiarum
1136 3459 1311 3542 professos

358 3559 528 3642 supplicio
543 3559 667 3624 affecit.
714 3560 913 3642 Eodemque
926 3577 1018 3622 anno
1034 3559 1193 3637 Edricus,
1206 3566 1310 3643 quem

356 3658 461 3741 digne
476 3659 644 3723 infamare
660 3680 730 3723 non
746 3679 900 3742 possum,
912 3658 1015 3743 jussu
1030 3659 1134 3740 regis,
1148 3667 1222 3724 arte
1238 3681 1310 3745 qua

356 3760 485 3831 multos
516 3755 733 3844 ³frequenter
762 3760 1037 3824 circumvenerat
1066 3760 1141 3843 ipse
1169 3780 1310 3845 quoque

393 4049 508 4114 1mm]
527 4051 556 4100 S·
569 4050 604 4100 D·
616 4051 664 4111 E.;
677 4049 781 4099 ⁰¹¹¹itt0d
789 4048 816 4096 in
878 4068 1076 4142 ³Freqocater.]
1089 4072 1123 4125 A.
1134 4074 1163 4125 S.
1171 4075 1206 4126 D.
1218 4077 1251 4127 Ε.
1260 4077 1310 4143 Ιι.)

356 4122 554 4254 ΑἈίΒίξέΜῶ]
571 4191 584 4253 ξ
596 4194 653 4254 178,
668 4205 694 4253 p.
706 4193 764 4240 294.
843 4149 901 4194 ante
912 4144 1065 4207 frequenter,
1078 4146 1107 4194 C.
