2858 4890
158 380 292 465 1,111.1.]
388 396 502 447 onera
527 396 654 447 annun
677 400 889 450 aromaca.
1069 384 1115 451 49

157 557 323 641 martyris
348 555 504 623 Indracti
525 566 561 624 et
583 558 754 624 sociorum
778 558 854 644 ejus
879 578 1037 644 corpora,
1069 559 1255 624 demna

155 657 237 723 loeo
263 657 421 743 martyrii
448 659 631 737 translata,
655 659 763 742 jussit
791 660 920 726 inferri.
994 660 1112 743 Ipsius

155 758 298 843 quidem
311 758 348 823 in
367 757 503 841 lapidea
521 759 700 842 pyramide
723 761 767 824 ad
788 760 966 826 sinistrum
990 761 1111 826 altaris

1124 632 1273 685 Glutonbnry.

150 986 406 1048 trisquoquediebus
411 986 619 1050 insignissimum,
643 989 769 1051 virginum
780 990 882 1051 chorus,
892 992 997 1040 terrenis
1009 992 1110 1043 deside·

151 1056 224 1119 quod
234 1057 261 1106 in
272 1056 383 1119 quodam
393 1058 501 1121 palustri
515 1072 617 1108 recessu
643 1059 690 1108 riis
705 1062 831 1123 castratis,
842 1075 947 1123 superos
963 1063 1109 1123 suspirabat

151 1129 305 1189 maurit,
315 1132 345 1177 ut
354 1128 453 1179 scilicet
462 1143 493 1177 eo
502 1130 618 1179 tenacius
643 1143 750 1180 amores.
771 1130 888 1180 Accessit
898 1133 963 1181 sacri
975 1133 1109 1183 caelibatus

149 1199 273 1261 supernis
288 1198 404 1248 monachi
419 1198 554 1261 inhiarent,
567 1214 618 1261 quo
643 1200 728 1250 studio
738 1201 858 1250 librorum
870 1203 982 1251 Aldelmi
998 1202 1039 1252 De
1051 1204 1108 1252 Vir·

150 1268 305 1332 castigatius
325 1272 425 1319 terrena
448 1270 531 1320 oculis
555 1268 618 1319 hau·
643 1270 748 1331 giuitate
779 1272 864 1334 lectio,
895 1273 1106 1335 Berkiugensium

148 1339 239 1391 ritant.
275 1339 359 1389 All'uit
368 1339 473 1389 consilio
487 1344 560 1401 pater
571 1342 617 1389 Al-
642 1341 744 1400 quidem
757 1343 850 1391 nomini
861 1342 988 1405 dedicata,
998 1345 1044 1393 sed
1054 1360 1107 1393 om·

148 1408 618 1473 dalmas,cujusillepraeceptaaudie·
642 1411 717 1460 nibus
735 1413 840 1461 eandem
859 1412 1039 1474 professionem
1060 1429 1106 1463 au-

149 1480 196 1529 bat
217 1479 355 1541 humiliter,
371 1480 527 1542 suscipiebat
543 1496 617 1545 grau·
641 1480 785 1532 halantibus
807 1484 925 1532 valitura.
962 1484 1062 1532 Habuit
1080 1490 1106 1535 et

148 1549 227 1613 diter,
237 1550 394 1612 adimplebat
403 1551 524 1602 hilariter
564 1551 617 1601 De·
642 1566 745 1601 uxorem
763 1553 954 1615 Ethelburgam,
975 1553 1105 1605 foemiuam

148 1619 228 1682 nique
248 1624 275 1670 et
295 1621 457 1684 privilegium
480 1622 548 1683 quod
570 1638 616 1683 pro
641 1636 702 1672 sane
713 1625 777 1685 regii
789 1625 887 1685 generis
899 1628 924 1672 et
935 1623 1028 1683 animi;
1045 1639 1104 1685 quaa

145 1689 264 1740 libertate
285 1692 490 1740 monasteriorum
513 1707 615 1741 suorum
641 1692 701 1741 dum
718 1695 805 1742 crebro
820 1693 869 1742 viri
884 1693 1018 1742 instillaret
1034 1696 1105 1743 auri·

147 1761 182 1810 ab
193 1761 333 1822 apostolico
343 1762 432 1824 Sergio
438 1763 616 1824 impetraverat
641 1764 688 1812 bus
705 1769 734 1812 ut
754 1763 888 1812 mundanis
909 1765 985 1812 rebus
1003 1765 1043 1812 vel
1060 1780 1105 1814 ex,

148 1830 232 1880 libans
248 1833 412 1894 confirmavit,
427 1838 454 1881 et
469 1833 549 1882 multa
563 1834 613 1883 Dei
625 1854 628 1909 1
639 1835 724 1882 tremis
740 1835 813 1882 annis
828 1833 1006 1895 valefacerent,
1016 1839 1042 1883 et
1058 1835 1102 1885 ille

148 1900 253 1951 anulis
268 1903 325 1965 ejus
340 1902 441 1953 hortatu
457 1905 573 1966 contulit,
588 1909 614 1953 et
624 1918 627 1945 1
639 1903 776 1953 hortantem
788 1905 820 1953 de
828 1905 869 1953 die
882 1904 986 1953 indiam
994 1904 1102 1968 differet,

148 1972 183 2021 ad
193 1976 333 2022 extremum
344 1974 493 2034 episcopatu
504 1975 613 2023 reniten-
637 1980 695 2023 astu
706 1975 807 2024 undem
818 1976 919 2024 vincere
930 1979 1012 2035 parat.
1035 1975 1101 2026 Cum

148 2046 199 2092 tem
215 2043 361 2104 honorarit3
383 2043 444 2092 licet
454 2045 532 2093 vitam
548 2047 612 2094 tanti
636 2046 702 2093 enim
721 2046 831 2107 quadam
849 2047 905 2094 vice
924 2045 994 2106 apud
1013 2046 1100 2096 villam

146 2113 196 2162 riri
218 2114 313 2163 mundo
334 2114 386 2163 cita
401 2128 468 2163 mors
484 2115 611 2177 inriderit,
635 2115 730 2177 ingenti
756 2116 867 2165 tumultu
894 2116 993 2177 regales
1019 2117 1099 2166 luxus

146 2183 191 2232 rix
207 2184 274 2235 enim
293 2185 366 2233 annis
383 2188 492 2245 quatuor
512 2187 610 2246 episco·
634 2186 825 2247 explicuissent,
840 2186 962 2247 postridie
978 2201 1037 2237 cum
1048 2186 1101 2236 dis.

146 2259 209 2315 patu
220 2255 324 2305 functus
334 2254 443 2303 animam
454 2255 521 2305 coelo
530 2256 610 2305 thuri·
634 2257 778 2317 cessissent,
784 2257 894 2316 villicus,
899 2271 931 2304 ex
938 2258 1033 2318 reginas
1041 2272 1100 2307 con·

146 2324 240 2388 beavit,
256 2341 321 2375 anno
337 2326 479 2379 Dominicae
496 2327 608 2376 incama·
634 2327 748 2388 scientia,
764 2327 886 2387 palatium
904 2333 1000 2387 quanta
1015 2332 1099 2388 potest

146 2394 222 2445 tionis
229 2397 530 2459 septingentesimonono.
558 2397 610 2447 Fu·
634 2396 801 2458 deformitate,
818 2402 869 2446 tarn
888 2397 946 2446 fimo
963 2398 1101 2460 pecudum,

146 2471 220 2517 erunt
242 2468 287 2528 qui
313 2468 424 2516 dicerent
446 2481 504 2516 eurn
529 2466 608 2518 fuisse
633 2482 709 2528 quarn
729 2482 821 2530 aggere
838 2468 967 2528 ruderum,
984 2467 1099 2519 infamat.

144 2538 213 2598 regis
223 2542 339 2598 nepotem
350 2552 382 2587 ex
390 2538 516 2587 Kentenio
523 2537 608 2602 fratre,
636 2538 764 2587 Postremo
775 2540 802 2586 in
812 2537 877 2587 lecto
888 2538 933 2585 ubi
944 2539 1095 2600 cubuerant,

144 2606 190 2655 sed
208 2622 258 2657 non
276 2608 374 2669 placuit
394 2609 466 2657 nobis
487 2623 534 2669 pro
549 2624 608 2658 vero
633 2623 734 2668 porcam
750 2609 847 2657 noviter
863 2608 964 2656 enixam
981 2609 1096 2658 collocat.

142 2691 261 2741 arrogare
295 2678 363 2740 quod
396 2679 478 2740 magis
509 2679 609 2729 videtur
634 2678 743 2738 Interea,
760 2694 818 2729 cum
831 2680 886 2741 jam
904 2678 963 2739 plus
979 2679 1097 2728 milliario

142 2748 257 2810 opinioni
272 2748 381 2798 blandiri
394 2749 607 2811 volaticae,quam
633 2763 778 2809 processum
806 2754 882 2809 esset,
911 2748 957 2796 illa
977 2749 1096 2797 maritum

142 2818 277 2869 stabilitati
306 2820 438 2869 convenire
471 2819 607 2884 historicen,
633 2822 729 2869 uxoriis
748 2818 917 2868 delinimentis
939 2818 1097 2879 aggreditur,

140 2890 283 2951 praesertim
298 2905 357 2939 cum
372 2903 497 2951 nusquam
514 2891 546 2938 ab
563 2906 607 2940 an·
631 2903 723 2951 rogans
745 2895 774 2938 ut
795 2889 857 2937 illuc
884 2887 952 2935 unde
981 2888 1096 2936 abierant

138 2960 211 3021 tique
217 2961 492 3022 scriptumreperiatur‚
498 2965 523 3008 et
529 2961 606 3011 Chro-
631 2961 773 3009 necessario
779 2958 869 3020 pedem
876 2956 999 3016 referant;
1010 2958 1096 3017 magni

140 3030 200 3080 nica
210 3031 296 3092 palam
306 3032 451 3093 pronuntiet
461 3030 534 3079 lnam
549 3034 605 3081 nul·
631 3029 783 3079 discriminis
798 3043 851 3077 rem
867 3028 930 3087 fore,
946 3027 968 3075 si
984 3042 1035 3074 non
1051 3041 1096 3075 ex-

140 3100 194 3149 lum
211 3100 313 3151 fratrem
329 3101 605 3162 habuisseprraterln-
630 3101 728 3151 audiat.
764 3100 802 3148 Re
824 3113 873 3147 non
894 3097 1029 3146 difficulter
1048 3095 1096 3144 im·

140 3170 265 3235 igeldum,
282 3173 328 3234 qui
346 3172 436 3233 paucis
455 3173 528 3220 anuis
547 3179 605 3222 ante
630 3176 738 3231 petrata,
749 3186 794 3219 rex
804 3169 894 3217 ridens
909 3168 994 3217 locum
1010 3166 1093 3227 pridie

140 3240 226 3303 ipsum
248 3243 366 3292 decessit.
401 3243 460 3291 Non
479 3247 537 3304 eget
557 3243 604 3291 Al·
629 3241 834 3303 Sardanapalicis
863 3238 963 3288 deliciis
998 3252 1094 3300 parem,

139 3312 239 3363 delmus
261 3318 291 3364 ut
312 3313 450 3362 mendaciis
467 3318 603 3364 asseratur.
628 3326 695 3360 nunc
712 3312 783 3360 foeda
797 3310 933 3359 solitudine
947 3308 1094 3372 deformem,

136 3383 220 3433 'l'anta
230 3389 290 3435 sunt
299 3385 332 3434 de
343 3384 387 3433 illo
398 3398 456 3444 quae
473 3383 603 3433 indubiam
628 3383 742 3442 miratur,
760 3382 888 3442 tacitoque
902 3380 1002 3442 judicio
1024 3380 1093 3427 oculi

137 3454 602 3516 depromautfidem,totsuntquaen0n
628 3466 680 3500 rem
702 3453 874 3501 examinantes
901 3449 936 3498 ad
962 3449 1092 3498 mulierem

137 3525 272 3574 renuntia
282 3527 362 3575 litem.
380 3523 479 3573 Habuit
487 3539 548 3573 sane
556 3525 603 3574 lna
627 3522 733 3572 rediere.
773 3523 845 3570 Tunc
866 3521 912 3569 illa
932 3521 1091 3568 occasionem

136 3608 235 3645 sorores
262 3595 436 3657 cuthburgam
464 3599 490 3642 et
517 3595 603 3646 Quen·
627 3598 764 3653 aucupata,
783 3593 922 3651 laetumque
948 3590 1092 3651 subridens,

137 3665 261 3728 bargain:
273 3664 601 3727 CuthburgaAlfridoNor·
627 3664 644 3690 ‘⁴
652 3664 685 3712 Et
696 3664 739 3711 ubi
752 3660 837 3724 sunt,'’
848 3662 894 3719 ait,
900 3661 917 3688 “
923 3659 1023 3707 domine
1030 3673 1092 3707 con·

136 3735 332 3786 thanimbrorum
350 3737 405 3799 regi
422 3740 530 3796 nuptum
552 3741 602 3785 tra
623 3734 682 3795 jux,
689 3731 940 3791 bestemistrepitust
952 3729 997 3777 ubi
1005 3728 1090 3776 aulaea

136 3806 602 3871 dita,sed,noupostmultamconjugi0
627 3804 737 3853 Sidoniis
748 3803 814 3852 fucis
828 3801 914 3850 ebriat
937 3799 982 3846 ubi
992 3798 1090 3859 parasi-

136 3876 250 3939 diducto,
266 3878 346 3939 primo
363 3877 433 3937 apud
444 3876 600 3938 Berkingum
626 3877 707 3922 torum
718 3873 862 3922 discurrens
872 3868 1028 3929 petulantiat
1044 3867 1089 3915 ubi

138 3948 186 3997 sub
213 3948 342 3997 abbatissa
370 3946 512 4007 Hildelida,
543 3961 601 3995 mox
627 3944 747 3994 Daedalia
763 3956 826 3991 vasa
843 3939 952 4001 pondere
976 3936 1090 3985 metallo·

137 4018 195 4079 ipsa
210 4020 331 4081 magistra
345 4018 441 4079 regulae
453 4017 600 4066 Wimburne
626 4029 682 4062 rum
692 4027 792 4061 mensas
803 4014 872 4074 ipsas
883 4008 1027 4057 onerantia?
1044 4008 1088 4055 ubi

136 4087 193 4138 Deo
220 4089 340 4150 placitam
366 4088 444 4137 vitam
470 4089 600 4150 transegit.
626 4089 692 4134 terra
707 4084 821 4144 marique
838 4078 966 4140 exquisita
976 4077 1009 4125 ad
1021 4077 1089 4138 gulae

137 4158 217 4208 Vicus
239 4164 278 4208 est
299 4159 374 4208 modo
391 4157 518 4221 ignobilis,
540 4163 600 4206 tunc
625 4155 775 4204 lenocinium
782 4152 903 4200 obsonia?
919 4148 1090 4196 nonneomnia

136 4230 255 4292 temporis
265 4229 382 4291 insignis,
394 4227 601 4289 inquofrequens
625 4225 711 4274 fumus
727 4228 752 4272 et
768 4226 875 4271 ventus?
892 4223 917 4268 et
934 4234 972 4267 vae
990 4217 1030 4266 his
1045 4219 1091 4279 qui

916 4310 937 4356 Ε
