2858 4890
168 391 238 438 mn.
254 375 312 458 11.]
386 392 500 441 cnsrn
523 391 650 441 nucum
674 391 889 443 suetonum
1052 379 1118 444 345

169 553 281 634 magis
301 571 418 617 amore
435 570 539 635 quam
557 558 688 616 terrore
705 570 782 616 cnm
801 551 968 636 subjectis
990 571 1115 635 agere3

169 651 407 736 delinquentes
436 653 516 734 plus
545 651 657 715 verbis
684 671 788 734 qnam
812 652 1012 717 verberibus
1037 673 1116 736 pre·

169 770 283 832 mere;
306 751 430 816 urbani
453 771 475 814 a
493 752 753 833 peregrinorum
775 752 1008 830 infestatione,
1023 772 1045 815 a
1059 773 1116 817 ra·

168 850 252 934 pina
273 869 462 929 sacrorum,
478 858 665 915 cessarent.
717 849 877 916 Alterum
897 870 973 915 esse
995 861 1117 918 contra

170 959 341 1028 naturam,
370 957 411 1014 ut
440 951 500 1013 ille
528 950 588 1033 qui
616 952 789 1015 communi
814 959 1012 1016 vesceretur
1037 971 1117 1018 aere

170 1070 239 1114 non
268 1050 440 1116 communi
465 1051 636 1114 frueretur
665 1069 773 1133 pace:
807 1050 1005 1116 Christiano
1028 1053 1118 1117 inter

152 1149 389 1215 Christianos
412 1150 532 1228 libere,
554 1170 623 1233 quo
648 1151 783 1229 liberet,
805 1150 1115 1234 progrediendum

169 1250 251 1314 dum
276 1269 394 1315 omnes
414 1251 486 1314 sint
507 1269 552 1313 ex
575 1269 645 1314 uno
669 1248 852 1329 famulitio,
868 1270 987 1315 omnes
1011 1253 1116 1319 unius

170 1351 350 1432 sanguinis
380 1350 557 1435 conjuncti
590 1351 750 1432 coagulo,
786 1351 954 1433 redempti
991 1352 1115 1433 pretio.

170 1448 330 1514 Alterum
347 1458 468 1515 contra
485 1449 554 1514 Dei
576 1449 753 1527 mandata,
768 1450 829 1533 qui
850 1452 1054 1533 praeceperit
1076 1458 1117 1516 ut

171 1550 231 1633 qui
254 1550 379 1614 altario
403 1550 602 1614 deserviunt
621 1550 664 1614 de
687 1549 811 1613 altario
832 1550 965 1614 vivant.
1018 1549 1116 1617 Prae·

171 1659 267 1716 terea
290 1650 429 1714 domum
450 1649 519 1713 Dei
534 1649 656 1714 decere
680 1669 755 1713 esse
777 1649 915 1714 domum
937 1650 1117 1730 orationis,

170 1769 240 1814 non
261 1750 461 1834 speluncam
486 1749 671 1827 latronum,
693 1769 763 1813 non
784 1749 1116 1832 gladiatorum-con·

170 1850 392 1915 tenticulum.
460 1848 706 1914 Permitterent
736 1848 929 1914 oblationes
962 1849 999 1912 in
1032 1869 1116 1915 usus

171 1950 317 2014 transire
336 1949 566 2026 sacerdotum,
582 1949 638 2014 vel
662 1949 698 2012 in
720 1967 891 2032 expensas
913 1968 1117 2032 pauperum.

173 2047 399 2114 Provisnrum
412 2068 450 2112 sc
463 2048 532 2112 illis
548 2067 636 2131 quos
652 2055 789 2130 egestas
804 2048 849 2112 ad
862 2049 1003 2131 rapinas
1022 2069 1116 2114 com·

172 2149 326 2232 pelleret,
349 2155 390 2213 ut
413 2148 531 2231 aliquo
554 2148 698 2212 honesto
727 2147 839 2212 officio
865 2148 990 2231 stipem
1013 2148 1117 2214 babe-

169 2257 267 2330 rent3
299 2269 387 2334 quos
417 2248 590 2331 cupiditas
619 2248 834 2328 exagitabat,
859 2249 927 2331 ipsi
949 2249 1027 2327 sibi,
1052 2269 1116 2332 pro

172 2348 241 2414 Dei
262 2350 386 2415 timore
414 2356 450 2414 et
482 2347 590 2413 seculi
619 2347 812 2426 honestate,
840 2348 977 2412 modum
1009 2369 1116 2432 pone,

171 2456 261 2514 rent.
323 2448 509 2515 Invasorcs
541 2448 765 2512 ecclesiastici
793 2448 991 2531 patrimonii
1018 2468 1116 2513 man·

172 2548 263 2614 datis
277 2555 313 2613 et
327 2548 484 2631 epistolis
505 2547 679 2625 invitavit,
694 2553 734 2611 ut
748 2555 809 2612 aut
823 2547 977 2613 indebita
995 2548 1116 2613 redde·

172 2655 260 2725 rent,
285 2655 348 2715 aut
372 2667 410 2713 se
429 2647 509 2732 jure
532 2647 593 2712 illa
616 2655 734 2711 tencre
756 2648 793 2710 in
815 2655 939 2712 senatu
956 2648 1116 2716 Romano

171 2748 368 2830 probarent.
421 2747 458 2812 Si
476 2755 635 2812 neutrum
655 2747 818 2824 facerent,
833 2747 986 2811 ecclesiae
1009 2766 1116 2812 mem·

171 2847 286 2912 brasc
301 2868 371 2912 non
385 2866 461 2911 esse
478 2854 737 2929 cognoscerent,
753 2847 813 2929 qui
835 2847 942 2929 capiti
961 2847 1115 2912 ecclcsiae

170 2948 273 3012 beato
292 2947 411 3024 Petro,
435 2954 470 3010 et
494 2946 570 3031 ejus
584 2946 726 3024 vicario,
750 2946 969 3011 resultarent.
1010 2946 1117 3012 ‘salia

169 3048 367 3130 frequenter
382 3047 618 3124 concionatus,
634 3053 699 3110 aut
713 3065 835 3130 parum
857 3054 919 3111 aut
934 3045 1019 3110 nibil
1034 3066 1114 3129 pro·

170 3146 301 3225 ficiens,
329 3146 560 3212 severioribus
589 3145 750 3210 remediis
778 3146 972 3211 inveterato
995 3147 1115 3211 morbo

169 3247 319 3312 tentavit
340 3266 530 3312 occurrere.
583 3246 746 3311 Cauterio
772 3245 890 3327 itaque
916 3265 1114 3311 excommu-

169 3346 353 3411 nicationis
375 3366 494 3412 omnes
526 3348 569 3409 ab
594 3345 748 3411 ecclesiae
777 3364 921 3428 corpore
957 3344 1115 3423 remouit,¹

170 3447 225 3512 vel
255 3446 315 3530 qni
342 3446 429 3512 talia
454 3445 620 3523 facerent,
650 3445 707 3511 vel
731 3445 791 3527 qui
818 3446 1002 3526 agentibus
1032 3463 1114 3509 con·

168 3546 262 3611 vivio
286 3547 344 3610 vel
369 3547 474 3611 etiam
503 3545 675 3629 colloquio
704 3545 962 3628 participarent.
1023 3543 1114 3610 Haec

167 3646 226 3711 ille
242 3666 306 3729 pro
321 3665 385 3711 suo
398 3644 510 3710 officio
524 3646 610 3710 satis
632 3646 771 3727 agebat,
786 3644 847 3709 sed
866 3664 954 3727 pene
975 3643 1012 3707 in
1034 3665 1113 3727 per·

170 3746 292 3810 niciem
315 3764 417 3810 versa
438 3744 627 3826 sedulitas3
658 3763 738 3808 nam
750 3751 801 3808 'ut
822 3744 881 3808 ille
900 3744 996 3821 dicit,
1019 3742 1113 3821 ‘Qui

166 3945 255 4028 ligni
268 3945 331 4023 illi,
341 3945 410 4010 lovi
421 3944 654 4010 admonitione
663 3944 848 4028 perstricti,
857 3949 979 4007 contra
987 3939 1113 4021 furere,

167 4047 270 4110 minis
284 4065 388 4109 auras
406 4045 577 4123 territare,
593 4063 708 4108 muros
723 4044 819 4107 urbis
841 4043 945 4105 armis
967 4043 1113 4106 circum·

168 4166 306 4224 sonare,
319 4145 407 4210 adeo
423 4153 463 4210 ut
485 4164 573 4228 pene
592 4163 720 4228 papam
739 4143 986 4209 interimerent.
1014 4141 1114 4213 21ta÷
