2858 4890
150 384 294 464 nin.11.]
380 401 493 449 susus
518 403 644 452 ancon
668 405 883 455 nuonoauu.
1035 395 1100 459 257

148 568 221 625 tum
244 569 280 626 et
305 583 475 642 novercae,
493 583 571 645 quae
593 565 653 628 vix
676 566 757 629 dum
774 571 906 647 septem
930 583 1099 630 annorum

146 663 328 744 puerulum
344 663 554 746 Egelredum
569 665 675 729 filium
691 665 880 748 provehere
893 668 1097 746 conabatur,

146 769 186 826 ut
206 764 283 847 ipsa
304 765 419 847 potius
442 767 504 828 sub
519 765 595 849 ejus
611 765 749 830 nomine
764 767 987 848 imperitaret.
1040 767 1097 834 Ex

146 869 229 928 tunc
244 865 377 929 malitia
399 864 574 929 hominum
598 866 803 948 pullulante,
827 865 974 930 felicitas
997 869 1096 949 regni

145 964 335 1030 imminuta.
388 965 488 1029 Tunc
506 960 617 1029 ¹visus
638 974 801 1044 cometes,
817 967 877 1050 qui
890 967 946 1031 vel
963 974 1095 1048 pestem

144 1065 417 1146 provincialium,
440 1065 496 1130 vel
520 1066 618 1147 regni
642 1067 869 1132 mutationem
891 1067 1095 1149 portendere

145 1185 207 1247 pro
234 1185 317 1230 vero
341 1172 571 1230 asseveratur.
630 1165 706 1231 Nec
733 1186 850 1247 mora;
878 1175 998 1232 secuta
1023 1176 1094 1232 ste·

143 1265 254 1330 rilitas
278 1266 366 1344 arvi,
388 1266 497 1330 fames
517 1265 704 1344 bominum,
731 1287 823 1331 mors
844 1268 1092 1352 jumentorum.

143 1362 248 1448 Apud
277 1367 391 1431 vicum
426 1367 559 1450 regium
587 1367 647 1450 qui
677 1374 823 1432 vocatur
851 1367 964 1431 Calna
991 1387 1092 1434 casus

143 1466 314 1532 insolitus
368 1466 473 1544 Nam,
496 1465 658 1532 defuncto
678 1467 829 1549 Edgaro,
853 1469 968 1533 clerici
983 1488 1092 1551 quon-

142 1567 221 1630 dam
250 1568 293 1632 ab
316 1567 470 1631 ecclesiis
494 1569 631 1650 expulsi
656 1568 810 1634 rediviva
832 1569 953 1651 praelia
983 1569 1091 1633 susci·

142 1674 281 1732 tarunt:
316 1661 458 1749 ²ingens
487 1687 563 1732 esse
594 1676 629 1733 et
656 1669 849 1733 miserabile
876 1669 1025 1733 dedecus
1052 1679 1091 1736 nt

141 1788 251 1832 novus
274 1768 408 1833 advena
432 1776 567 1834 veteres
599 1769 740 1833 colonos
765 1771 914 1852 migrare
941 1771 1090 1853 compel-

140 1867 246 1948 leret3
273 1869 338 1933 boc
366 1889 429 1933 nec
452 1869 528 1933 Deo
552 1877 690 1951 gratum
707 1871 834 1952 putari,
859 1870 920 1953 qui
940 1878 1090 1936 veterem

140 1968 388 2034 habitationem
415 1968 654 2048 concessisset,
680 1989 742 2034 nec
766 1972 870 2035 alicui
895 1973 1002 2053 probo
1027 1972 1089 2036 ho·

140 2070 235 2147 mini,
260 2070 321 2153 qui
335 2069 401 2133 sibi
417 2070 508 2134 idem
524 2069 643 2134 timere
665 2078 783 2152 posset
800 2070 893 2153 quod
908 2071 985 2134 aliis
998 2091 1089 2153 prae-

133 2168 265 2252 judicio
280 2169 446 2234 accidisse
468 2178 634 2235 cerneret.
687 2170 740 2233 Ea
757 2171 799 2235 de
817 2192 854 2235 re
869 2171 905 2234 in
922 2173 1089 2237 clamores

138 2277 173 2334 et
188 2271 258 2335 iras
284 2278 488 2348 surrectum,
515 2277 550 2334 et
572 2271 616 2334 ad
632 2271 851 2335 Dunstanum
873 2280 1087 2353 perrectum3

137 2371 311 2455 praecipue
339 2371 550 2453 proceribus,
581 2379 620 2435 ut
651 2370 817 2435 laicorum
852 2378 917 2448 est,
953 2373 1087 2437 succla-

137 2473 310 2536 mantibus
324 2471 575 2556 praejudicium,
591 2471 683 2554 quod
698 2465 826 2536 '’elerici
839 2472 934 2554 passi
949 2471 1087 2539 fuerant

137 2572 276 2657 injuste,
292 2572 414 2636 leniori
437 2571 580 2636 consilio
602 2572 732 2637 succidi
754 2572 888 2636 debere.
942 2572 1035 2637 Nam
1051 2583 1087 2639 et

137 2693 226 2736 unus
255 2693 385 2750 eorum,
415 2671 577 2750 Elferius,
612 2672 729 2736 omnia
761 2692 847 2754 pene
877 2675 1088 2738 monasteria

137 2793 215 2856 quae
250 2772 547 2838 reverentissimus
571 2765 814 2837 ⁴Adelwoldus
841 2779 1086 2840 construxerat

135 2874 171 2938 in
186 2874 364 2957 provincia
379 2873 601 2951 Marciorum,
627 2893 755 2954 magna
780 2892 864 2938 usus
888 2874 1086 2954 insolentia,

135 2975 271 3040 evertit.
313 2974 450 3058 Itaque,
465 2973 637 3057 frequenti
654 2974 786 3059 synodo
805 2981 938 3052 coacta,
955 2969 1086 3057 ⁵primo

170 3235 177 3264 ¹
195 3237 269 3288 Visus
284 3232 406 3305 cornetae]
425 3237 495 3285 Most
505 3236 534 3285 os
549 3236 591 3285 the
620 3235 684 3284 from
704 3235 825 3283 Florence
845 3233 895 3282 and
915 3234 1040 3283 Mattbew
1058 3236 1087 3284 ot

134 3308 210 3359 MSS.
233 3310 294 3358 read
315 3309 388 3357 ‘visa
412 3311 520 3357 cometes
528 3307 546 3366 ;'
564 3307 592 3356 S.
620 3306 806 3366 Westminster,
816 3304 912 3352 tohave
919 3305 982 3353 been
990 3305 1084 3355 holden

133 3380 208 3429 reads
219 3379 298 3430 ‘visae
310 3378 433 3429 cometae!
454 3379 462 3405 ⁴
472 3378 522 3428 An.
534 3381 592 3427 att.
620 3377 735 3426 between
746 3375 789 3423 the
801 3374 877 3423 death
884 3374 913 3423 os
921 3375 1082 3437 Eadgarand

134 3450 250 3501 Cometes
272 3452 346 3501 stella
368 3448 509 3499 autumnali
531 3452 593 3496 tem·
619 3447 662 3495 the
673 3446 846 3496 consecration
862 3443 891 3492 of
903 3445 944 3495 his
955 3460 1001 3494 eon
1013 3447 1083 3495 Ead-

133 3536 193 3583 pore
205 3522 261 3571 visa
271 3521 328 3570 est!
343 3519 423 3585 (Flor.
432 3515 558 3580 wigorn.)
619 3517 700 3578 ward,
712 3516 738 3564 in
749 3520 797 3565 stt
808 3533 815 3576 3
825 3515 872 3562 but
887 3515 929 3564 the
941 3515 1082 3566 Chronicou

168 3585 300 3658 Hegeas]
313 3589 347 3640 A.
358 3591 388 3639 G.
398 3589 432 3638 D.
445 3589 477 3638 Ε.
489 3588 521 3638 L.
532 3603 540 3648 ;
551 3588 594 3636 be-
620 3587 803 3647 Wintoniense‚
819 3585 886 3634 cited
904 3587 938 3647 by
953 3585 1082 3647 spelman,

134 3660 186 3709 lore
213 3660 342 3723 ‘ingena'
369 3659 398 3708 S.
427 3658 502 3707 reads
535 3658 595 3706 ‘di·
619 3655 730 3722 (Goncil.
747 3656 825 3719 Angl.
844 3659 905 3706 tom.
925 3669 943 3704 1.
963 3671 990 3718 p.
1009 3654 1081 3720 491,)

133 3730 237 3781 centes)
618 3728 705 3788 places
720 3727 780 3775 itin
798 3727 840 3775 the
852 3741 914 3787 year
927 3730 984 3775 968.
1021 3725 1080 3792 (See

169 3794 592 3868 ³ctesct.]s.s.0.D.E2.n.;
619 3797 763 3846 Wharton’s
784 3801 842 3845 note
870 3797 896 3845 in
918 3796 1013 3858 Anglia
1036 3797 1081 3846 Sa·

132 3871 318 3921 omittedinE.
622 3883 675 3928 era,
704 3881 764 3929 pare
792 3879 822 3915 u.
853 3882 878 3928 p.
908 3864 984 3930 112.)
1031 3867 1081 3915 Os·

167 3938 365 4002 ⁴Adelwoldus.]
377 3938 411 3987 A.
421 3938 451 3989 0.
461 3938 496 3988 D.
506 3939 538 3987 E.
545 3938 593 3997 1..;
619 3939 704 3999 berne,
722 3937 749 3985 in
767 3937 807 3985 his
827 3936 883 3985 Life
905 3935 934 3984 of
953 3936 1081 3998 Dunstan,

131 4011 300 4061 Adelwoldus
319 4009 457 4059 monachus
477 4012 503 4058 et
518 4009 593 4056 Wen-
619 4006 773 4070 improperly
784 4011 863 4055 states
874 4007 929 4054 that
945 4006 987 4055 the
1004 4021 1081 4056 coun-

131 4085 207 4132 tanus
218 4083 364 4144 episcopus,
376 4079 406 4129 S.
620 4080 653 4128 cil
664 4078 693 4127 of
701 4078 860 4127 winchester
878 4076 928 4126 and
945 4076 987 4126 the
1004 4091 1081 4126 coun-

171 4150 182 4182 ⁵
211 4153 297 4201 Primo
330 4148 513 4211 Wintoaium.]
540 4147 594 4196 The
620 4150 654 4198 cil
672 4148 701 4197 of
716 4148 796 4197 Calne
816 4162 883 4195 were
906 4146 966 4194 both
988 4147 1080 4196 holden

131 4224 232 4273 coancil
250 4222 280 4272 of
294 4221 452 4270 Winehester
477 4232 595 4282 appears,
620 4219 712 4280 during
733 4218 775 4267 the
797 4217 902 4266 lifetime
924 4217 953 4266 oi
969 4218 1079 4280 Eadgar.

804 4332 806 4336 .
912 4308 929 4356 S
