2858 4890
337 373 382 438 88
557 388 671 437 cnsra
698 387 824 435 aneon
851 385 1063 434 suanorum.
1161 368 1248 449 [ma.
1264 383 1289 433 ι.

179 565 310 607 amantor
392 543 478 627 §aa
504 544 563 609 Ita
584 540 593 576 ¹
597 545 672 630 jam
694 545 838 610 celebris
853 552 928 610 erat
943 545 1047 622 fama,
1070 543 1161 607 utin
1175 561 1290 624 quaes-

180 617 281 708 lilii?
340 643 493 708 tionibus
517 645 706 710 enodandis
730 645 901 728 indigeret
924 665 965 709 eo
992 643 1187 707 sublimitas
1216 641 1291 707 Ro-

340 762 456 820 mana,
482 764 546 808 nec
570 765 653 809 voro
681 765 834 828 unquam
864 744 1069 810 Gallicanus
1097 750 1214 806 tumor
1238 742 1292 804 in-

342 844 500 908 venitin
526 842 656 926 Anglo,
683 845 776 927 quod
805 851 968 926 argueret
995 843 1129 906 merito.
1190 840 1292 904 Adeo

343 941 518 1007 Latinitas
535 945 648 1008 omnis
672 945 748 1028 ejus
764 944 843 1008 fidei
869 951 904 1007 ct
926 943 1126 1025 magisterio
1139 940 1292 1023 palmam

326 1040 449 1116 dedit.
521 1043 615 1106 Nam
643 1050 679 1107 et
707 1043 787 1107 fidei
816 1062 910 1106 sanae
941 1050 976 1106 ct
1005 1041 1200 1117 incuriosae,
1231 1038 1292 1103 sed

343 1142 454 1205 dulcis
477 1142 543 1206 fuit
564 1142 783 1225 eloquentiae,
804 1143 842 1205 in
861 1142 1020 1206 omnibus
1037 1139 1293 1222 explanationi-

342 1242 409 1304 bus
432 1240 626 1306 divinarum
649 1243 897 1325 scripturarum
921 1241 1033 1322 magis
1056 1240 1119 1303 illa
1147 1239 1294 1302 rimatus

343 1342 470 1423 quibus
492 1342 602 1405 lector
624 1342 692 1406 Dei
713 1342 931 1406 dilectionem
962 1348 998 1404 et
1023 1339 1173 1423 proximi
1200 1338 1295 1403 cobi-

343 1443 453 1518 beret,
481 1461 586 1525 quam
613 1441 674 1504 illa
703 1443 829 1524 quibus
864 1442 920 1506 vel
956 1440 1047 1504 sales
1082 1439 1207 1503 libaret
1238 1439 1296 1502 vel

344 1540 475 1621 linguae
497 1541 692 1622 rubiginem
713 1542 861 1605 limaret.
915 1540 1025 1604 Porro
1038 1539 1082 1602 de
1094 1540 1177 1603 vitae
1199 1539 1295 1601 illius

346 1642 533 1705 sanctitate
556 1640 714 1704 dubitare
743 1659 940 1724 quenquam
965 1646 1061 1703 arcet
1085 1640 1180 1702 illius
1211 1637 1295 1701 dicti

346 1739 594 1823 irrefragabilis
608 1741 739 1804 veritas
755 1739 847 1825 quod
869 1741 1015 1822 protulit
1036 1738 1165 1802 mundo
1188 1731 1295 1801 ²divae

347 1839 478 1923 sophiae
493 1840 671 1925 majestas,
687 1833 770 1904 ‘³In
786 1825 985 1904 malivolam
999 1840 1149 1902 animam
1163 1858 1233 1903 non
1243 1838 1297 1900 in·

347 1939 468 2003 troibit
482 1941 664 2021 sapientia,
680 1960 743 2006 nec
759 1939 969 2003 inhabitabit
991 1940 1028 2002 in
1049 1958 1191 2020 corpore
1214 1938 1297 2000 sub·

348 2037 422 2101 dito
441 2039 625 2121 peccatis:'
649 2040 742 2121 quod
765 2039 808 2102 de
829 2039 1006 2103 mundana
1024 2039 1196 2120 sapientia
1217 2057 1297 2119 pro·

348 2135 440 2200 fecto
454 2158 522 2201 non
545 2138 641 2216 dicit,
665 2159 744 2220 quae
767 2138 1000 2202 indifferenter
1020 2138 1198 2202 bominum
1222 2156 1297 2200 cor·

348 2235 450 2300 dibus
464 2237 631 2316 illabitur,
644 2246 679 2302 et
697 2259 767 2321 qua
784 2240 987 2302 creberrime
1000 2237 1153 2320 pessimi,
1167 2237 1299 2299 nullas·

345 2355 417 2418 que
433 2336 477 2401 ad
493 2344 686 2401 extremum
702 2338 793 2402 diem
801 2345 969 2422 ponentes
979 2345 1089 2402 metas
1100 2336 1299 2413 sceleribus,

347 2436 478 2517 pollere
511 2439 783 2519 conspiciuntur,
808 2438 915 2522 juxta
944 2438 1031 2501 illud
1064 2437 1298 2513 Dominicum,

348 2528 469 2599 ‘⁴Filii
478 2535 582 2620 hujus
592 2538 701 2601 seculi
709 2538 949 2620 prudentiores
958 2538 1038 2601 filiis
1052 2537 1140 2600 lucis
1149 2537 1186 2600 in
1195 2555 1300 2617 gene·

348 2636 482 2699 ratione
500 2655 566 2700 sua
580 2645 662 2701 sunt
673 2637 698 2717 ;'
721 2636 781 2700 sad
796 2638 891 2700 illam
906 2638 1110 2720 sapientiam
1124 2631 1300 2699 ⁵nominat

348 2754 427 2817 quae
442 2736 634 2818 disciplinae
648 2737 770 2819 effugit
783 2737 914 2814 fictum,
931 2743 967 2800 et
981 2756 1059 2817 quae
1073 2743 1214 2820 separat
1224 2754 1262 2798 se
1277 2753 1300 2798 a

347 2835 620 2916 cogitationibus
635 2857 715 2920 quae
730 2842 813 2900 sunt
827 2838 901 2902 sine
917 2837 1107 2914 intellectu,
1119 2835 1299 2900 intellectu

349 2933 426 2998 dico
442 2936 530 2999 bene
546 2936 684 3001 vivendi
700 2943 736 3000 et
749 2937 837 3000 bene
852 2936 1007 3000 dicendi:
1032 2937 1122 3000 unde
1139 2936 1298 3019 pulcher-

348 3034 434 3098 rime
457 3034 601 3113 Seneca,
625 3037 663 3099 in
685 3035 775 3100 libro
791 3029 867 3100 ⁶De
894 3035 1032 3113 Causis,
1056 3042 1301 3100 commemorat

350 3131 531 3213 Catonem,
554 3136 702 3200 oratoris
724 3134 874 3199 officium
902 3135 1133 3212 definientem,
1155 3136 1299 3212 dixisse,

348 3238 359 3266 ‘
376 3232 504 3298 Orator
528 3241 582 3298 est
601 3236 793 3313 virbonus,
807 3235 944 3299 dicendi
958 3233 1115 3319 peritus!
1167 3234 1298 3297 Emun-

347 3330 455 3396 dabat
479 3353 562 3415 ergo
588 3335 843 3399 ecclesiasticus
863 3341 982 3399 orator
1003 3336 1099 3418 prius
1124 3334 1299 3396 conscien-

348 3431 490 3508 tiam,ut
499 3433 550 3496 sic
560 3432 739 3498 accederet
750 3435 794 3498 ad
806 3426 1063 3499 ⁷recludendam
1073 3433 1300 3518 mysticorum

347 3531 553 3613 scriptorum
565 3532 844 3616 intelligentiam.
897 3533 968 3612 Qui
986 3535 1076 3598 enim
1093 3534 1167 3597 fieri
1183 3538 1301 3616 potest

382 3754 482 3822 ¹Jamfl]
498 3757 533 3808 A·
546 3758 580 3809 D·
592 3758 625 3809 E·
636 3758 684 3818 Lt;
700 3761 761 3821 mm,
775 3760 804 3808 C·
871 3756 1031 3822 ⁶N0mimte]
1050 3757 1079 3808 S!
1093 3759 1122 3808 C!
1134 3757 1169 3809 D·
1182 3758 1233 3821 E03
1258 3774 1303 3810 no.

363 3825 497 3910 fllium]
521 3828 556 3879 A.
568 3827 597 3878 S.
612 3829 641 3878 G.
654 3828 687 3877 E.
699 3828 749 3889 L.;
772 3829 811 3877 di·
834 3829 948 3891 minavit,
959 3829 990 3878 L.

344 3898 585 4016 vm'mlerriallilrolum
601 4002 607 4017 .
621 4002 628 4017 .
641 4003 648 4017 .
662 4003 668 4016 .
683 3967 810 4031 peccatis]
872 3936 931 4021 ⁶95
944 3939 1053 4003 cam]
1071 3937 1176 3999 smm'
1196 3938 1300 3987 (ΜΨ

347 4039 421 4087 Book
432 4038 461 4087 oi
468 4037 582 4086 Wisdom
594 4050 613 4087 1.
624 4042 650 4086 4.
836 4025 900 4060 lem·
912 4011 956 4060 hb·
969 4023 988 4059 ¹’

381 4105 546 4168 ⁴Filiilray'ur
555 4107 630 4156 manli
648 4143 654 4156 .
669 4143 675 4156 .
689 4121 810 4168 ‚genera
870 4100 1091 4164 ⁷Recludendcm.]
1116 4101 1149 4152 A.
1163 4101 1191 4151 S.
1204 4101 1237 4151 Ε.
1250 4101 1281 4151 L.
1290 4115 1299 4160 ;

346 4178 465 4227 tirnesco
475 4177 552 4241 aaut]
570 4177 711 4227 Lukexvt.
723 4182 746 4226 8.
835 4174 1026 4236 enucleandam,
1037 4173 1072 4221 D.
1084 4172 1123 4223 M.
