2858 4890
38 3565 40 3568 ·
132 3536 254 3600 beatus
270 3530 471 3622 ³episcopus
486 3538 594 3617 Acca,
611 3539 769 3603 relatoris
786 3540 993 3622 symmistes,

145 372 287 453 mn.11.]
363 388 478 437 euers
500 387 626 436 nucum
654 387 865 436 sncuonun.
1026 375 1091 440 361

144 543 283 608 lesiensi
310 545 481 622 coenobio,
508 545 601 628 quod
631 552 762 608 sanctae
785 544 962 627 religionis
986 539 1092 612 ¹Wil-

144 643 253 707 fridus
276 646 453 709 monachis
469 645 773 709 Northanhimbris
794 645 999 728 repleverat,
1018 650 1092 711 exi-

145 744 263 807 tialem
278 747 434 809 morbum
444 753 604 810 exortum
616 745 743 808 multos
754 764 911 825 necasse;
926 746 1090 829 reliquos,

146 843 306 908 triduano
324 845 454 909 indicto
465 845 613 929 jejunio,
627 852 758 926 pestem
777 845 904 927 pellere
920 852 1089 914 tentasse.

146 942 305 1007 Secunda
319 944 446 1027 jejunii
462 944 529 1021 die,
544 946 665 1008 beatos
688 945 865 1026 apostolos
888 943 1031 1010 Petrum
1054 955 1091 1014 et

145 1041 308 1121 Paulum,
324 1063 431 1126 puero
448 1043 566 1108 eadem
581 1043 780 1108 valetudine
796 1044 1013 1110 decumbenti
1025 1066 1089 1131 ap-

145 1150 318 1225 parentes
333 1143 386 1206 his
395 1143 494 1206 illum
508 1143 699 1208 animasse:
715 1164 783 1208 non
795 1164 872 1208 eum
882 1144 1005 1210 debere
1017 1166 1088 1211 me·

145 1249 241 1306 tuere
263 1249 409 1307 mortem
433 1243 679 1321 imminentem,
696 1264 774 1327 quae
791 1245 836 1308 sit
854 1252 889 1308 et
906 1247 1088 1326 praesentis

145 1342 321 1425 languoris
345 1344 460 1407 exitus
476 1351 511 1408 et
524 1345 605 1408 vitae
620 1344 780 1426 perennis
795 1345 967 1408 introitus.
1011 1345 1089 1410 Cae-

144 1448 266 1518 terum,
279 1444 449 1507 neminem
462 1443 505 1507 de
520 1444 579 1507 illo
590 1445 799 1508 monasterio
815 1444 879 1508 hac
891 1444 1089 1526 pestilentia

142 1543 358 1621 moriturum,
383 1543 474 1626 quod
501 1544 598 1607 Deus
627 1544 786 1626 praeclari
815 1545 908 1626 regis
934 1543 1088 1611 Oswaldi

143 1644 351 1707 concesserit
375 1643 518 1719 meritis,
540 1663 603 1725 pro
626 1643 863 1727 compatriotis
888 1643 1007 1708 eadem
1032 1647 1087 1711 dio

143 1740 395 1823 supplicantis3
423 1743 515 1806 huno
547 1744 638 1806 enim
670 1763 746 1807 esse
775 1744 865 1807 diem
897 1764 965 1827 quo
996 1744 1087 1810 idem

141 1859 215 1917 rex,
240 1850 414 1923 peremtus
437 1862 458 1906 a
481 1842 633 1926 perfidis
659 1843 834 1907 stellatum
853 1843 890 1906 in
912 1852 1086 1910 momento

142 1940 293 2004 tribunal
317 1942 565 2006 conscenderit.
618 1943 822 2023 Quaererent
844 1963 926 2025 ergo
948 1945 986 2008 in
1006 1946 1086 2010 albo

141 2058 209 2120 quo
235 2049 447 2106 mortuorum
472 2043 710 2107 scribebantur
735 2043 885 2121 nomina,
909 2052 945 2108 et
973 2044 1005 2107 si
1034 2045 1086 2111 ita

141 2138 346 2219 invenirent,
371 2136 485 2207 soluto
509 2142 658 2226 jejunio,
687 2144 865 2207 securitati
894 2152 929 2208 et
952 2144 1084 2210 laetitiae

141 2238 370 2322 indulgentes,
398 2244 579 2306 missarum
608 2243 764 2307 solennia
788 2244 865 2307 Deo
896 2252 931 2308 et
961 2253 1084 2310 sancto

141 2340 214 2421 regi
241 2343 473 2407 concinerent.
537 2336 652 2406 ²Huic
675 2344 801 2406 visioni
830 2343 928 2426 pueri
949 2363 1042 2408 mors
1064 2365 1083 2411 c

139 2440 287 2521 vestigio
314 2444 512 2520 subsecuta,
543 2443 772 2526 martyrisque
797 2443 871 2506 dies
897 2445 933 2506 in
956 2452 1082 2528 marty-

139 2539 271 2621 rologio
285 2541 438 2620 inventa,
454 2543 554 2606 simul
570 2551 606 2608 et
622 2543 780 2626 expulsio
796 2543 917 2620 morbi,
933 2545 976 2607 ab
990 2546 1083 2608 omni

139 2641 317 2719 provincia
334 2643 420 2706 adeo
438 2649 520 2706 sunt
541 2650 719 2720 attestata,
735 2650 775 2706 ut
790 2662 915 2706 nomen
929 2642 1082 2709 Oswaldi

139 2757 182 2800 ex
201 2746 283 2804 tunc
302 2741 392 2805 inter
405 2749 574 2825 martyres
594 2750 794 2821 notaretur;
817 2741 920 2824 quod,
943 2763 1006 2824 pro
1028 2763 1083 2808 re-

138 2841 231 2903 centi
256 2841 388 2919 funere,
404 2841 553 2906 fidelium
581 2850 684 2906 antea
706 2861 848 2905 numero
871 2843 1080 2909 sociabatur.

58 3009 61 3015 ,
138 2936 267 3003 Merito
291 2960 386 3021 ergo,
414 2942 548 3018 merito,
573 2942 727 3024 inquam,
749 2941 954 3018 laudandus,
980 2943 1080 3026 cujus

136 3037 282 3117 gloriam
309 3040 446 3105 divinus
470 3060 631 3105 assensus
662 3042 854 3123 approbato
879 3041 1005 3106 extulit
1028 3043 1081 3106 in-

137 3137 238 3216 dicio,
271 3147 311 3204 ut
345 3161 423 3204 eum
461 3142 642 3205 missarum
678 3141 881 3223 praeciperet
914 3141 1080 3206 celebrari

83 3249 85 3253 ‘
136 3240 333 3318 praeconi03
360 3242 539 3318 inusitato,
564 3247 604 3304 ut
626 3241 759 3322 opinor,
789 3239 992 3304 mortalibus
1018 3251 1106 3304 ext

134 3338 259 3420 emplo.
313 3338 369 3403 Ne
396 3347 511 3404 autem
531 3340 605 3404 haec
632 3339 814 3404 videantur
837 3339 973 3417 frivola,
998 3360 1079 3422 pro.

80 3427 85 3435 ’
135 3436 229 3501 hibet
258 3439 454 3524 indubitata
484 3439 639 3504 historici
672 3439 872 3516 auctoritas,
908 3440 1079 3523 simulque

1090 3596 1162 3638 trinu
1170 3599 1213 3637 Ae-

185 3635 293 3718 5209.
319 3632 510 3721 ⁴Egbertus
537 3659 599 3702 rex
616 3639 894 3717 cantuariorum,
909 3639 999 3702 filius
1015 3639 1077 3702 Er·
1090 3648 1238 3744 ‘mgna

1090 3747 1224 3798 Acgelberbt.

166 3897 349 3970 ¹Wilsridus.]
362 3904 409 3952 See
421 3902 504 3965 note¹,
515 3921 541 3966 p.
549 3909 590 3954 78.
618 3903 677 3970 (See
700 3902 782 3963 Beda,
803 3902 848 3950 lib.
870 3915 894 3952 v,
917 3917 940 3950 c.
958 3917 1004 3951 xx.
1026 3904 1076 3952 and

165 3965 276 4034 ²Huic.]
288 3974 321 4022 Ε.
329 3975 360 4023 L.
368 3990 375 4034 ;
383 3975 453 4023 Huic
462 3975 591 4034 nutem,S.
618 3973 721 4022 Smitlr’s
731 3977 788 4020 note
799 3986 831 4019 on
842 3971 897 4019 that
907 3969 1027 4034 subject.)

165 4039 321 4105 ³Episcopus
332 4039 421 4110 Acca]
437 4045 518 4106 Acca,
530 4045 592 4092 Wil-
654 4041 663 4069 ⁴
679 4042 801 4103 Egbertuo
817 4055 863 4088 rex
883 4041 1078 4103 Contrariorum,

130 4111 217 4161 fertb’s
239 4113 327 4175 priest,
347 4115 487 4163 succeeded
506 4120 532 4163 to
550 4115 593 4162 the
613 4112 686 4176 filius
697 4109 856 4170 Ercomberti,
867 4112 896 4158 ‹le
907 4111 1078 4202 quibussupro

129 4183 277 4244 bishoprick
295 4183 323 4232 ol
344 4185 463 4234 Hexham
486 4185 513 4233 in
535 4187 593 4234 71⁰.
620 4182 697 4244 dixi]
714 4182 780 4244 §l2,
790 4195 816 4240 p.
828 4183 868 4229 21.
