2858 4890
170 3759 255 3799 charle-

170 3810 265 3859 magne's

169 3861 245 3910 epistie
253 3867 276 3903 to

170 3913 224 3953 uffa.

334 367 399 433 128
518 384 671 432 -cusra
696 384 823 432 annun
848 383 1061 431 Anononnm.
1159 368 1245 450 [mn.
1263 383 1289 428 1.

333 543 425 608 versi
444 550 537 607 sunt.
590 543 755 607 Similiter
777 549 812 606 et
834 561 938 625 super
953 540 1165 623 Baugariam
1179 541 1288 604 irrue-

335 651 429 721 runt,
449 643 509 726 qui
531 650 566 708 et
588 644 655 726 ipsi
679 645 722 707 ab
741 645 896 707 exercitu
910 641 1108 706 Christiano
1134 642 1288 724 superati

334 751 369 808 et
391 744 537 826 dispersi
553 751 646 809 sunt.
698 744 813 807 Etiam
837 750 872 807 et
895 741 1049 826 ejusdem
1063 741 1287 805 Christianis-

333 845 411 908 simi
433 844 524 926 regis
544 844 648 908 duces
674 851 710 908 et
736 843 863 908 tribuni
885 842 1029 906 multam
1051 850 1185 924 partem
1202 841 1289 905 His-

333 945 446 1028 paniae
472 944 627 1009 tulerunt
650 963 671 1008 a
692 943 874 1008 Saracenis
888 943 987 1025 quasi
1002 949 1157 1006 trecenta
1179 942 1289 1006 millia

333 1046 369 1107 in
392 1044 534 1126 longum
559 1065 622 1127 per
646 1044 839 1124 maritima;
864 1032 929 1107 sed
948 1042 1027 1120 heu,
1054 1043 1140 1126 proh
1168 1042 1285 1108 dolor!

334 1145 425 1226 quod
448 1145 550 1209 iidem
576 1144 750 1209 maledicti
772 1143 937 1208 Saraceni
964 1140 1043 1230 (qui
1065 1150 1100 1207 et
1114 1139 1288 1227 Agareni)

334 1252 410 1309 tota
423 1245 644 1310 dominantur
658 1243 789 1310 Affrica
811 1253 847 1308 et
868 1240 955 1307 Asia
978 1242 1108 1326 Majori
1133 1243 1287 1307 maxima

334 1352 509 1429 exparte.
551 1345 680 1410 Nescio
706 1344 787 1428 quid
818 1345 860 1409 de
892 1344 990 1408 nobis
1010 1352 1195 1409 venturum
1219 1345 1286 1408 sit:

334 1445 464 1528 aliquid
489 1445 580 1510 enim
603 1445 836 1521 dissensionis,
861 1444 1031 1508 diabolico
1057 1443 1210 1508 fomento
1231 1444 1285 1507 in-

334 1545 544 1623 flammante,
560 1566 670 1629 nuper
691 1547 912 1628 interregem
929 1544 1099 1609 Karolum
1118 1551 1154 1609 et
1169 1565 1286 1627 regem

334 1645 448 1710 Offam
464 1653 624 1711 exortum
638 1654 702 1724 est,
717 1646 768 1711 ita
790 1654 829 1710 ut
851 1645 1014 1728 utrinque
1031 1644 1209 1727 navigatio
1230 1644 1285 1708 in·

333 1747 480 1811 terdicta
506 1747 762 1830 negotiantibus
793 1751 916 1811 cesset.
967 1745 1055 1809 Sunt
1079 1747 1138 1828 qui
1168 1746 1286 1810 dicant

333 1866 397 1911 nos
411 1868 475 1930 pro
494 1868 579 1930 pace
595 1866 671 1912 esse
685 1848 720 1910 in
735 1847 814 1911 illas
828 1853 945 1931 partes
959 1845 1170 1910 mittendos!

385 1947 471 2031 §92
496 1948 540 2012 In
561 1947 615 2011 his
639 1947 766 2024 vorbis,
788 1955 914 2031 praeter
937 1945 1000 2010 illa
1023 1965 1102 2028 quae
1128 1947 1285 2029 superius

333 2048 465 2125 notavi,
489 2048 616 2131 poterit
637 2048 793 2111 curiosus
820 2046 1092 2111 animadvertere
1118 2055 1286 2130 quantum

328 2148 403 2232 jam
426 2168 594 2212 annorum
609 2147 780 2212 effluxerit
795 2168 840 2212 ex
855 2167 924 2231 quo
942 2146 1105 2211 Saraceni
1119 2145 1285 2212 Affricam

333 2255 370 2312 et
383 2245 504 2312 Asiam
527 2248 697 2332 Majorem
721 2249 924 2313 invaserint.
977 2248 1024 2312 Et
1036 2248 1203 2331 profecto,
1220 2248 1287 2312 nisi

333 2349 401 2413 Dei
416 2348 598 2414 clementia
616 2349 809 2432 ingenitum
823 2350 928 2413 robur
945 2348 1157 2412 Francorum
1178 2348 1288 2432 impe·

333 2455 486 2513 ratorum
511 2450 711 2527 animasset,
739 2449 870 2533 pridem
899 2449 1075 2531 Europam
1101 2449 1285 2534 subjugas-

332 2559 422 2615 sent.
473 2548 573 2615 Adeo
597 2550 802 2635 contemptis
824 2549 1089 2632 imperatoribus
1113 2548 1286 2615 Constan-

332 2650 571 2735 tinopolitanis
595 2651 747 2715 Siciliam
776 2658 811 2715 et
837 2650 1031 2715 Sardiniam
1056 2656 1091 2714 et
1120 2649 1287 2715 Baleares

332 2751 475 2829 insulaS,
502 2760 537 2817 et
560 2772 647 2836 pene
673 2771 791 2816 omnes
818 2759 928 2816 terras
955 2770 1033 2832 quae
1060 2750 1186 2834 pelago
1213 2753 1285 2815 oin-

333 2860 473 2934 guntur,
501 2860 628 2936 praeter
655 2852 817 2919 Rhodum
841 2859 875 2915 et
897 2850 1035 2915 Cretam
1070 2858 1105 2915 et
1132 2850 1286 2935 Ciprum,

333 2944 618 3036 occupaverantz'
647 2954 708 3017 sed
746 2953 874 3018 nostris
903 2952 1023 3016 diebus
1057 2971 1120 3035 per
1153 2951 1286 3017 North·

332 3072 479 3117 mannos
502 3053 666 3132 Siciliam,
689 3074 751 3138 per
774 3051 923 3119 Pisanos
947 3051 1125 3116 Corsicam
1147 3060 1183 3117 et
1204 3053 1285 3117 Sar·

332 3153 474 3232 diniam,
488 3174 550 3236 per
566 3154 720 3219 Francos
744 3162 779 3218 et
793 3154 905 3218 omnis
924 3152 1060 3235 generis
1086 3172 1131 3216 ex
1146 3153 1287 3238 Europa

334 3254 551 3320 Christianos
574 3275 735 3339 magnam
758 3262 890 3338 partem
904 3250 1014 3330 Asiae,
1036 3260 1071 3316 et
1096 3253 1209 3336 ipsam
1225 3254 1248 3319 J
1251 3275 1286 3318 e·

334 3355 495 3433 rusalem,
507 3355 700 3438 relinquere
713 3355 824 3420 coacti
839 3361 921 3419 sunt
934 3375 942 3434 ;
957 3354 999 3418 de
1016 3354 1141 3436 quibus
1157 3356 1240 3436 quia
1249 3355 1286 3419 in

334 3447 575 3538 ¹sequentibus
589 3456 735 3540 amplior
752 3455 817 3520 erit
831 3454 995 3520 narrandi
1009 3452 1118 3532 locus,
1134 3475 1226 3520 nunc
1241 3477 1287 3522 ex

335 3556 449 3620 verbis
463 3554 586 3621 Karoli
609 3556 722 3622 foedus
745 3557 880 3621 firmum
901 3555 993 3619 iuter
1008 3574 1087 3619 eum
1113 3562 1149 3620 et
1172 3555 1286 3622 Offam

335 3664 551 3740 compactum
568 3657 759 3741 subjiciam.

386 3758 403 3842 §
419 3757 473 3822 93.
490 3750 700 3836 ‘²Karolus,
714 3750 847 3841 ³gratia
862 3756 929 3822 Dei
940 3776 1003 3821 rex
1022 3755 1236 3821 Francorum
1251 3766 1287 3824 et

368 3982 375 4013 ¹
389 3986 571 4055 Sequentibur]
590 3987 620 4035 C.
640 3986 675 4037 D.
693 3988 726 4038 Ε.
741 3988 797 4048 M.;
822 3987 1287 4048 kins'sConcilia‚vol.1.p.168‚and

331 4057 552 4118 consequentibus,
563 4055 597 4106 A.
609 4056 639 4106 S.
651 4056 682 4106 Ι..
820 4055 1286 4119 inAlcuin.0p.tom.11.App.p.618.

367 4125 493 4176 ’Karalus
510 4163 516 4178 .
532 4162 557 4177 ..
575 4121 676 4195 scriem]
694 4128 797 4177 Charle-
856 4124 866 4158 ³
880 4126 971 4176 Gratia
982 4126 1053 4189 Det]
1071 4127 1099 4176 S.
1109 4129 1138 4176 C.
1146 4128 1182 4177 D.
1192 4129 1224 4177 E.
1232 4129 1284 4190 M.;

331 4198 445 4260 magne's
459 4198 533 4246 letter
544 4198 567 4247 is
583 4198 684 4259 printed
695 4198 722 4246 in
732 4199 797 4248 Wil·
820 4197 924 4247 omitted
936 4197 962 4244 in
974 4195 1007 4247 A.
1020 4197 1052 4247 L.
