2858 4890
351 397 417 462 270
569 411 682 460 cnara
709 409 836 459 ancum
860 408 1075 459 suenorum,
1160 395 1310 488 [mnia
1391 400 1396 408 '

350 579 390 637 ut
407 571 648 654 resipiscerent
661 570 706 634 ab
719 570 785 634 hac
794 569 1052 652 superstitione.
1089 566 1172 647 Qut,
1187 576 1303 633 trans·

349 672 425 735 iens
440 678 559 736 vastas
582 669 856 753 intercapedines
870 677 1050 747 terrarum,
1064 670 1204 733 tandem
1226 689 1302 734 ma·

349 773 443 835 rinos
471 772 698 836 transmeavit
723 771 820 847 fines,
848 777 883 834 et
910 771 947 833 in
975 770 1030 833 die
1058 768 1198 834 Natalis
1223 770 1298 834 Do·

349 870 434 935 mini
464 872 622 954 pervenit
652 878 733 935 ante
769 877 991 953 conspectum
1020 870 1112 952 regis
1148 871 1298 952 praefati,

349 991 500 1054 moxque
525 977 686 1054 exparte
710 977 829 1035 nostra
855 970 1008 1034 salutato
1030 970 1156 1034 obtulit
1179 971 1299 1034 literas

349 1090 438 1155 quas
461 1071 512 1135 illi
539 1072 764 1151 miseramus;
791 1070 863 1154 qui,
891 1069 1066 1134 accersitis
1089 1071 1222 1134 cunctis
1244 1073 1299 1136 sui

349 1171 448 1254 regni
470 1171 649 1254 utriusque
679 1171 808 1235 ordinis
831 1170 989 1234 fidelibus
1018 1171 1298 1253 sapientioribus,

349 1273 393 1335 ob
416 1290 568 1336 amorem
594 1279 629 1336 et
651 1273 809 1335 timorem
838 1271 906 1335 Dei
928 1270 1186 1354 omnipotentis,
1216 1291 1296 1335 nec-

348 1390 418 1435 non
431 1379 467 1436 et
485 1373 598 1436 saneti
613 1372 711 1436 Petri
733 1371 969 1455 apostolorum
991 1371 1168 1455 principis,
1183 1378 1219 1435 et
1234 1392 1297 1454 per

348 1480 502 1537 nostram
541 1472 807 1537 admonitionem
841 1479 1035 1554 paternam,
1063 1470 1295 1536 firmissimam

346 1573 520 1637 concessit
559 1592 692 1655 pacem,
724 1592 803 1637 cum
834 1572 994 1636 omnibus
1025 1571 1106 1635 filiis
1146 1573 1219 1636 suis
1260 1581 1296 1636 et

345 1672 482 1736 filiabus
505 1674 734 1756 praesentibus
755 1680 790 1737 et
811 1670 950 1750 suturis,
977 1679 1111 1737 etcum
1137 1673 1295 1736 omnibus

346 1771 503 1836 fidelibus
521 1773 605 1851 suis,
621 1774 695 1837 sine
717 1773 806 1836 dolo.
860 1771 941 1852 Qua
962 1773 1005 1835 de
1023 1792 1059 1836 re
1081 1773 1175 1836 misit
1190 1772 1295 1836 Edel-

344 1873 458 1936 sinum
481 1859 611 1938 sanctae
629 1873 905 1937 Seireburneusis
923 1872 1077 1936 ecclesiae
1099 1872 1294 1955 praesulem,

345 1992 481 2038 necnon
512 1981 547 2039 et
575 1972 800 2038 Leofstanum
838 1972 948 2036 filium
976 1971 1155 2049 Alfwoldi,
1187 1981 1293 2056 atque

345 2071 499 2138 Wistani
525 2072 635 2137 filium
656 2073 884 2151 Edelnodum,
904 2075 964 2157 qui
985 2072 1198 2137 transierunt
1219 2091 1293 2137 ma-

344 2173 439 2238 rinos
462 2173 560 2251 fines,
583 2179 618 2237 et
639 2181 872 2255 pervenerunt
893 2193 1002 2257 usque
1032 2174 1076 2237 ad
1104 2173 1294 2237 Ricardum

343 2271 527 2356 praefatum
552 2273 794 2337 marchionem.
847 2271 918 2352 Qui
948 2281 984 2338 et
1014 2273 1146 2337 monita
1175 2282 1295 2338 nostra

343 2373 487 2456 pacifice
515 2373 718 2456 suscipiens,
747 2373 917 2456 simulque
946 2373 1090 2438 audiens
1118 2373 1293 2438 decretum

344 2472 514 2557 suprafati
536 2473 640 2556 regis,
653 2474 774 2538 libenti
793 2475 909 2538 animo
931 2474 1074 2538 eandem
1097 2492 1218 2556 pacem
1235 2474 1292 2537 fir-

344 2574 464 2652 mavit,
481 2595 559 2638 cum
584 2574 664 2638 filiis
689 2581 725 2638 et
744 2574 881 2639 filiabus
913 2576 985 2639 suis
1006 2574 1235 2657 praesentibus
1258 2583 1294 2640 et

342 2672 480 2753 suturis,
494 2683 529 2740 et
543 2694 621 2740 cum
634 2675 793 2739 omnibus
806 2675 964 2739 fidelibus
987 2675 1071 2752 suia,
1085 2695 1126 2739 eo
1146 2676 1292 2739 rationis

342 2779 474 2852 tenore,
497 2784 548 2852 ut,
571 2776 602 2840 si
624 2775 750 2858 aliquis
773 2794 892 2839 eornm
906 2775 961 2840 vel
984 2775 1052 2858 ipsi
1076 2775 1205 2860 injuste
1228 2776 1292 2839 ali-

343 2872 425 2957 quid
440 2881 561 2939 oontra
579 2876 727 2939 alterum
745 2876 1034 2960 perpetraverint,
1052 2875 1159 2958 digna
1176 2894 1292 2940 emen-

342 2975 482 3040 datione
498 2982 677 3058 purgetur.
728 2976 876 3059 Paxque
900 2983 1039 3041 maneat
1055 2975 1191 3040 stabilis
1213 2996 1292 3058 per·

342 3076 528 3158 petualiter
550 3083 586 3141 et
605 3076 822 3153 inconvulsa,
844 3083 1139 3142 sacramentorum
1161 3077 1289 3141 utrius-

343 3195 411 3259 que
441 3178 551 3260 partis
583 3178 746 3260 stigmate
777 3177 956 3260 stipulata.
1009 3178 1066 3242 Ex
1090 3184 1190 3260 parte
1222 3178 1290 3242 sci-

341 3275 424 3341 licet
452 3277 613 3341 Edelredi
640 3276 743 3359 regis,
775 3277 959 3342 Edelsinus
993 3279 1121 3361 praesul
1157 3286 1290 3343 sanctae

342 3374 619 3441 Scireburnensis
659 3378 826 3456 eeclesiae,
858 3385 893 3443 et
926 3376 1095 3442 Leofstan
1123 3377 1289 3443 Alfwoldi

341 3474 434 3540 filius
459 3485 494 3540 et
516 3476 714 3541 Edelnodus
727 3476 880 3543 Wistani
897 3478 1008 3544 filius:
1034 3486 1196 3561 exparte
1224 3477 1288 3542 Ri-

252 3659 255 3665 =
340 3576 448 3654 cardi,
481 3575 641 3658 Rogerus
677 3578 872 3661 episeopus,
910 3577 1084 3644 Rodulfus
1125 3578 1289 3660 Hugonis

340 3674 444 3755 filius,
460 3676 630 3742 Turstene
645 3677 736 3742 filius
747 3677 887 3760 Turgis.
940 3677 1069 3743 Actum
1087 3678 1286 3762 Rotomago

340 3773 477 3843 kalend.
489 3777 622 3856 Martii,
634 3798 725 3843 anno
740 3781 784 3842 ab
794 3780 1032 3843 incarnatione
1046 3779 1189 3844 Domini
1199 3799 1286 3843 non-

339 3879 530 3959 gentesimo
549 3879 772 3962 nonagesimo
785 3873 925 3962 lprimo,
942 3879 1130 3944 indictione
1149 3885 1286 3964 quarta.

510 4199 518 4233 ¹
539 4202 648 4270 Prima]
665 4203 698 4254 A.
711 4204 740 4254 S.
755 4205 785 4254 C.
797 4206 830 4255 Ε.
843 4205 872 4258 L,
886 4222 893 4267 ;
909 4207 1014 4256 omitted
1025 4209 1052 4256 in
1063 4209 1098 4258 D.
