<?xml version="1.0" encoding="UTF-8"?>
<!DOCTYPE html PUBLIC "-//W3C//DTD XHTML 1.0 Transitional//EN"
    "http://www.w3.org/TR/xhtml1/DTD/xhtml1-transitional.dtd">
<html xmlns="http://www.w3.org/1999/xhtml" xml:lang="en" lang="en">
 <head>
  <title>
</title>
<meta http-equiv="Content-Type" content="text/html;charset=utf-8" />
  <meta name='ocr-system' content='tesseract 3.04.00' />
  <meta name='ocr-capabilities' content='ocr_page ocr_carea ocr_par ocr_line ocrx_word'/>
</head>
<body>
  <div class='ocr_page' id='page_1' title='image "./gestaregumanglo01willgoog_0298.png"; bbox 0 0 2858 4890; ppageno 0'>
   <div class='ocr_carea' id='block_1_1' title="bbox 349 389 1304 472">
    <p class='ocr_par' dir='ltr' id='par_1_1' title="bbox 349 389 1304 472">
     <span class='ocr_line' id='line_1_1' title="bbox 349 389 1304 472; baseline -0.007 -15"><span class='ocrx_word' id='word_1_1' title='bbox 349 390 415 457; x_wconf 76' lang='lat'><strong>258</strong></span> <span class='ocrx_word' id='word_1_2' title='bbox 578 406 692 455; x_wconf 78' lang='lat' dir='ltr'><strong>cnsra</strong></span> <span class='ocrx_word' id='word_1_3' title='bbox 715 406 842 454; x_wconf 84' lang='lat' dir='ltr'><strong>aucun</strong></span> <span class='ocrx_word' id='word_1_4' title='bbox 866 404 1081 455; x_wconf 77' lang='lat' dir='ltr'><strong>nucnouuu.</strong></span> <span class='ocrx_word' id='word_1_5' title='bbox 1159 389 1248 472; x_wconf 79' lang='lat' dir='ltr'><strong>[nin.</strong></span> <span class='ocrx_word' id='word_1_6' title='bbox 1263 404 1304 450; x_wconf 91' lang='lat'><strong>11.</strong></span> 
     </span>
    </p>
   </div>
   <div class='ocr_carea' id='block_1_2' title="bbox 351 562 1316 3459">
    <p class='ocr_par' dir='ltr' id='par_1_2' title="bbox 351 562 1316 2455">
     <span class='ocr_line' id='line_1_2' title="bbox 351 562 1307 642; baseline -0.004 -12"><span class='ocrx_word' id='word_1_7' title='bbox 351 563 569 630; x_wconf 88' lang='lat' dir='ltr'><strong>Wintoniam</strong></span> <span class='ocrx_word' id='word_1_8' title='bbox 592 571 745 628; x_wconf 92' lang='lat' dir='ltr'><strong>ventum.</strong></span> <span class='ocrx_word' id='word_1_9' title='bbox 799 562 897 642; x_wconf 86' lang='lat' dir='ltr'><strong>Quis</strong></span> <span class='ocrx_word' id='word_1_10' title='bbox 912 564 960 628; x_wconf 93' lang='lat' dir='ltr'><strong>ibi</strong></span> <span class='ocrx_word' id='word_1_11' title='bbox 988 564 1092 628; x_wconf 84' lang='lat' dir='ltr'><strong>suerit</strong></span> <span class='ocrx_word' id='word_1_12' title='bbox 1122 562 1200 627; x_wconf 87' lang='lat' dir='ltr'><strong>linis</strong></span> <span class='ocrx_word' id='word_1_13' title='bbox 1230 583 1307 627; x_wconf 90' lang='lat' dir='ltr'><strong>cer·</strong></span> 
     </span>
     <span class='ocr_line' id='line_1_3' title="bbox 352 658 1304 743; baseline -0.001 -14"><span class='ocrx_word' id='word_1_14' title='bbox 352 665 492 730; x_wconf 90' lang='lat' dir='ltr'><strong>taminis</strong></span> <span class='ocrx_word' id='word_1_15' title='bbox 525 658 620 728; x_wconf 90' lang='lat' dir='ltr'><strong>¹aliae</strong></span> <span class='ocrx_word' id='word_1_16' title='bbox 647 664 759 728; x_wconf 86' lang='lat' dir='ltr'><strong>literae</strong></span> <span class='ocrx_word' id='word_1_17' title='bbox 784 665 920 743; x_wconf 81' lang='lat' dir='ltr'>docent,</span> <span class='ocrx_word' id='word_1_18' title='bbox 949 658 1185 729; x_wconf 85' lang='lat' dir='ltr'><strong>²Dominicam</strong></span> <span class='ocrx_word' id='word_1_19' title='bbox 1215 663 1304 728; x_wconf 90' lang='lat' dir='ltr'><strong>ima·</strong></span> 
     </span>
     <span class='ocr_line' id='line_1_4' title="bbox 353 764 1307 848; baseline 0 -20"><span class='ocrx_word' id='word_1_20' title='bbox 353 765 469 848; x_wconf 84' lang='lat' dir='ltr'><strong>ginem</strong></span> <span class='ocrx_word' id='word_1_21' title='bbox 485 784 648 847; x_wconf 88' lang='lat' dir='ltr'><strong>expresse</strong></span> <span class='ocrx_word' id='word_1_22' title='bbox 673 767 824 830; x_wconf 92' lang='lat' dir='ltr'><strong>locutam</strong></span> <span class='ocrx_word' id='word_1_23' title='bbox 851 766 994 829; x_wconf 91' lang='lat' dir='ltr'><strong>clericos</strong></span> <span class='ocrx_word' id='word_1_24' title='bbox 1017 785 1204 848; x_wconf 89' lang='lat' dir='ltr'><strong>eorumque</strong></span> <span class='ocrx_word' id='word_1_25' title='bbox 1229 764 1307 828; x_wconf 86' lang='lat' dir='ltr'><strong>fau-</strong></span> 
     </span>
     <span class='ocr_line' id='line_1_5' title="bbox 354 864 1308 942; baseline -0.002 -12"><span class='ocrx_word' id='word_1_26' title='bbox 354 873 447 930; x_wconf 84' lang='lat' dir='ltr'>tores</span> <span class='ocrx_word' id='word_1_27' title='bbox 464 865 681 930; x_wconf 85' lang='lat' dir='ltr'><strong>confudisse:</strong></span> <span class='ocrx_word' id='word_1_28' title='bbox 705 866 778 942; x_wconf 90' lang='lat' dir='ltr'><strong>sed,</strong></span> <span class='ocrx_word' id='word_1_29' title='bbox 803 864 914 929; x_wconf 93' lang='lat' dir='ltr'><strong>adhuc</strong></span> <span class='ocrx_word' id='word_1_30' title='bbox 929 885 998 930; x_wconf 89' lang='lat' dir='ltr'><strong>non</strong></span> <span class='ocrx_word' id='word_1_31' title='bbox 1019 865 1148 929; x_wconf 89' lang='lat' dir='ltr'><strong>sedatis</strong></span> <span class='ocrx_word' id='word_1_32' title='bbox 1168 865 1308 942; x_wconf 74' lang='lat' dir='ltr'><strong>animia,</strong></span> 
     </span>
     <span class='ocr_line' id='line_1_6' title="bbox 355 964 1307 1045; baseline 0 -16"><span class='ocrx_word' id='word_1_33' title='bbox 355 964 476 1030; x_wconf 86' lang='lat' dir='ltr'><strong>Galnae</strong></span> <span class='ocrx_word' id='word_1_34' title='bbox 492 966 675 1029; x_wconf 91' lang='lat' dir='ltr'><strong>concilium</strong></span> <span class='ocrx_word' id='word_1_35' title='bbox 684 966 852 1029; x_wconf 90' lang='lat' dir='ltr'><strong>indictum</strong></span> <span class='ocrx_word' id='word_1_36' title='bbox 865 986 874 1045; x_wconf 90' lang='lat'><strong>;</strong></span> <span class='ocrx_word' id='word_1_37' title='bbox 898 967 956 1029; x_wconf 92' lang='lat' dir='ltr'><strong>ubi</strong></span> <span class='ocrx_word' id='word_1_38' title='bbox 970 985 1048 1031; x_wconf 93' lang='lat' dir='ltr'><strong>cum</strong></span> <span class='ocrx_word' id='word_1_39' title='bbox 1062 966 1098 1029; x_wconf 92' lang='lat' dir='ltr'><strong>in</strong></span> <span class='ocrx_word' id='word_1_40' title='bbox 1113 965 1307 1043; x_wconf 89' lang='lat' dir='ltr'><strong>coenaculo,</strong></span> 
     </span>
     <span class='ocr_line' id='line_1_7' title="bbox 356 1065 1307 1149; baseline -0.001 -19"><span class='ocrx_word' id='word_1_41' title='bbox 356 1067 500 1130; x_wconf 89' lang='lat' dir='ltr'><strong>absente</strong></span> <span class='ocrx_word' id='word_1_42' title='bbox 521 1073 663 1149; x_wconf 89' lang='lat' dir='ltr'><strong>propter</strong></span> <span class='ocrx_word' id='word_1_43' title='bbox 688 1073 828 1130; x_wconf 89' lang='lat' dir='ltr'><strong>aetatem</strong></span> <span class='ocrx_word' id='word_1_44' title='bbox 852 1085 946 1148; x_wconf 88' lang='lat' dir='ltr'><strong>rege,</strong></span> <span class='ocrx_word' id='word_1_45' title='bbox 971 1065 1228 1130; x_wconf 85' lang='lat' dir='ltr'><strong>considentibus</strong></span> <span class='ocrx_word' id='word_1_46' title='bbox 1252 1073 1307 1129; x_wconf 93' lang='lat' dir='ltr'><strong>to·</strong></span> 
     </span>
     <span class='ocr_line' id='line_1_8' title="bbox 356 1164 1308 1248; baseline -0.003 -17"><span class='ocrx_word' id='word_1_47' title='bbox 356 1166 425 1231; x_wconf 90' lang='lat' dir='ltr'><strong>tius</strong></span> <span class='ocrx_word' id='word_1_48' title='bbox 439 1164 580 1248; x_wconf 83' lang='lat' dir='ltr'><strong>Angliae</strong></span> <span class='ocrx_word' id='word_1_49' title='bbox 602 1166 819 1230; x_wconf 88' lang='lat' dir='ltr'><strong>senatoribus</strong></span> <span class='ocrx_word' id='word_1_50' title='bbox 842 1185 967 1248; x_wconf 84' lang='lat' dir='ltr'><strong>magno</strong></span> <span class='ocrx_word' id='word_1_51' title='bbox 990 1166 1152 1230; x_wconf 87' lang='lat' dir='ltr'><strong>conflictu</strong></span> <span class='ocrx_word' id='word_1_52' title='bbox 1174 1173 1209 1230; x_wconf 91' lang='lat' dir='ltr'><strong>et</strong></span> <span class='ocrx_word' id='word_1_53' title='bbox 1224 1186 1308 1230; x_wconf 91' lang='lat' dir='ltr'><strong>con·</strong></span> 
     </span>
     <span class='ocr_line' id='line_1_9' title="bbox 357 1264 1306 1349; baseline -0.001 -18"><span class='ocrx_word' id='word_1_54' title='bbox 357 1267 526 1331; x_wconf 84' lang='lat' dir='ltr'><strong>troversia</strong></span> <span class='ocrx_word' id='word_1_55' title='bbox 545 1286 599 1330; x_wconf 89' lang='lat' dir='ltr'><strong>res</strong></span> <span class='ocrx_word' id='word_1_56' title='bbox 619 1273 791 1349; x_wconf 82' lang='lat' dir='ltr'><strong>ageretur,</strong></span> <span class='ocrx_word' id='word_1_57' title='bbox 810 1273 846 1330; x_wconf 90' lang='lat' dir='ltr'><strong>et</strong></span> <span class='ocrx_word' id='word_1_58' title='bbox 863 1264 1110 1330; x_wconf 88' lang='lat' dir='ltr'><strong>validissimum</strong></span> <span class='ocrx_word' id='word_1_59' title='bbox 1129 1266 1227 1330; x_wconf 93' lang='lat' dir='ltr'><strong>illum</strong></span> <span class='ocrx_word' id='word_1_60' title='bbox 1248 1286 1306 1330; x_wconf 91' lang='lat' dir='ltr'><strong>ec-</strong></span> 
     </span>
     <span class='ocr_line' id='line_1_10' title="bbox 357 1366 1308 1445; baseline 0 -15"><span class='ocrx_word' id='word_1_61' title='bbox 357 1367 473 1430; x_wconf 87' lang='lat' dir='ltr'><strong>clesiae</strong></span> <span class='ocrx_word' id='word_1_62' title='bbox 495 1387 642 1445; x_wconf 90' lang='lat' dir='ltr'><strong>murum,</strong></span> <span class='ocrx_word' id='word_1_63' title='bbox 666 1368 889 1432; x_wconf 86' lang='lat' dir='ltr'><strong>Dunstanum</strong></span> <span class='ocrx_word' id='word_1_64' title='bbox 911 1366 1000 1445; x_wconf 89' lang='lat' dir='ltr'><strong>dico,</strong></span> <span class='ocrx_word' id='word_1_65' title='bbox 1020 1368 1206 1431; x_wconf 91' lang='lat' dir='ltr'><strong>multorum</strong></span> <span class='ocrx_word' id='word_1_66' title='bbox 1224 1387 1308 1430; x_wconf 93' lang='lat' dir='ltr'><strong>con·</strong></span> 
     </span>
     <span class='ocr_line' id='line_1_11' title="bbox 359 1466 1308 1551; baseline 0.002 -21"><span class='ocrx_word' id='word_1_67' title='bbox 359 1466 522 1531; x_wconf 88' lang='lat' dir='ltr'><strong>vitiorum</strong></span> <span class='ocrx_word' id='word_1_68' title='bbox 543 1468 662 1551; x_wconf 91' lang='lat' dir='ltr'><strong>jacula</strong></span> <span class='ocrx_word' id='word_1_69' title='bbox 683 1469 902 1550; x_wconf 86' lang='lat' dir='ltr'><strong>impeterent,</strong></span> <span class='ocrx_word' id='word_1_70' title='bbox 921 1487 985 1532; x_wconf 91' lang='lat' dir='ltr'><strong>nec</strong></span> <span class='ocrx_word' id='word_1_71' title='bbox 1007 1474 1202 1550; x_wconf 84' lang='lat' dir='ltr'><strong>quaterent,</strong></span> <span class='ocrx_word' id='word_1_72' title='bbox 1225 1486 1308 1532; x_wconf 85' lang='lat' dir='ltr'><strong>suas</strong></span> 
     </span>
     <span class='ocr_line' id='line_1_12' title="bbox 359 1567 1310 1653; baseline 0 -22"><span class='ocrx_word' id='word_1_73' title='bbox 359 1574 477 1651; x_wconf 86' lang='lat' dir='ltr'><strong>partes</strong></span> <span class='ocrx_word' id='word_1_74' title='bbox 500 1569 668 1653; x_wconf 90' lang='lat' dir='ltr'><strong>cujusque</strong></span> <span class='ocrx_word' id='word_1_75' title='bbox 691 1568 822 1633; x_wconf 83' lang='lat' dir='ltr'><strong>ordinis</strong></span> <span class='ocrx_word' id='word_1_76' title='bbox 845 1567 929 1633; x_wconf 89' lang='lat' dir='ltr'><strong>viris</strong></span> <span class='ocrx_word' id='word_1_77' title='bbox 952 1588 1086 1632; x_wconf 91' lang='lat' dir='ltr'><strong>summo</strong></span> <span class='ocrx_word' id='word_1_78' title='bbox 1108 1567 1224 1632; x_wconf 90' lang='lat' dir='ltr'><strong>studio</strong></span> <span class='ocrx_word' id='word_1_79' title='bbox 1252 1574 1310 1632; x_wconf 92' lang='lat' dir='ltr'><strong>tu·</strong></span> 
     </span>
     <span class='ocr_line' id='line_1_13' title="bbox 359 1669 1312 1751; baseline -0.001 -18"><span class='ocrx_word' id='word_1_80' title='bbox 359 1669 509 1747; x_wconf 89' lang='lat' dir='ltr'><strong>entibus,</strong></span> <span class='ocrx_word' id='word_1_81' title='bbox 532 1671 695 1734; x_wconf 89' lang='lat' dir='ltr'><strong>solarium</strong></span> <span class='ocrx_word' id='word_1_82' title='bbox 719 1676 830 1733; x_wconf 91' lang='lat' dir='ltr'><strong>totum</strong></span> <span class='ocrx_word' id='word_1_83' title='bbox 854 1676 996 1751; x_wconf 91' lang='lat' dir='ltr'><strong>repente</strong></span> <span class='ocrx_word' id='word_1_84' title='bbox 1019 1688 1096 1731; x_wconf 93' lang='lat' dir='ltr'><strong>cum</strong></span> <span class='ocrx_word' id='word_1_85' title='bbox 1125 1669 1250 1732; x_wconf 83' lang='lat' dir='ltr'><strong>axibus</strong></span> <span class='ocrx_word' id='word_1_86' title='bbox 1276 1676 1312 1732; x_wconf 90' lang='lat' dir='ltr'><strong>et</strong></span> 
     </span>
     <span class='ocr_line' id='line_1_14' title="bbox 360 1767 1311 1834; baseline -0.002 -1"><span class='ocrx_word' id='word_1_87' title='bbox 360 1769 515 1833; x_wconf 85' lang='lat' dir='ltr'><strong>trabibus</strong></span> <span class='ocrx_word' id='word_1_88' title='bbox 537 1770 688 1834; x_wconf 86' lang='lat' dir='ltr'><strong>dissiluit</strong></span> <span class='ocrx_word' id='word_1_89' title='bbox 711 1778 746 1834; x_wconf 91' lang='lat' dir='ltr'><strong>et</strong></span> <span class='ocrx_word' id='word_1_90' title='bbox 768 1769 929 1834; x_wconf 87' lang='lat' dir='ltr'><strong>concidit.</strong></span> <span class='ocrx_word' id='word_1_91' title='bbox 982 1767 1150 1832; x_wconf 89' lang='lat' dir='ltr'><strong>Omnibus</strong></span> <span class='ocrx_word' id='word_1_92' title='bbox 1176 1768 1220 1832; x_wconf 94' lang='lat' dir='ltr'><strong>ad</strong></span> <span class='ocrx_word' id='word_1_93' title='bbox 1241 1775 1311 1832; x_wconf 89' lang='lat' dir='ltr'><strong>ter·</strong></span> 
     </span>
     <span class='ocr_line' id='line_1_15' title="bbox 360 1870 1311 1951; baseline 0.001 -20"><span class='ocrx_word' id='word_1_94' title='bbox 360 1889 435 1933; x_wconf 91' lang='lat' dir='ltr'><strong>ram</strong></span> <span class='ocrx_word' id='word_1_95' title='bbox 459 1870 566 1949; x_wconf 77' lang='lat' dir='ltr'><strong>elisiS,</strong></span> <span class='ocrx_word' id='word_1_96' title='bbox 591 1871 685 1935; x_wconf 92' lang='lat' dir='ltr'><strong>solus</strong></span> <span class='ocrx_word' id='word_1_97' title='bbox 714 1871 931 1948; x_wconf 90' lang='lat' dir='ltr'><strong>Dunstanus,</strong></span> <span class='ocrx_word' id='word_1_98' title='bbox 953 1876 1052 1934; x_wconf 89' lang='lat' dir='ltr'><strong>stans</strong></span> <span class='ocrx_word' id='word_1_99' title='bbox 1077 1887 1181 1951; x_wconf 90' lang='lat' dir='ltr'><strong>super</strong></span> <span class='ocrx_word' id='word_1_100' title='bbox 1205 1886 1311 1932; x_wconf 90' lang='lat' dir='ltr'><strong>unam</strong></span> 
     </span>
     <span class='ocr_line' id='line_1_16' title="bbox 361 1968 1313 2054; baseline 0 -22"><span class='ocrx_word' id='word_1_101' title='bbox 361 1971 494 2034; x_wconf 88' lang='lat' dir='ltr'><strong>trabem</strong></span> <span class='ocrx_word' id='word_1_102' title='bbox 517 1991 595 2053; x_wconf 91' lang='lat' dir='ltr'><strong>quae</strong></span> <span class='ocrx_word' id='word_1_103' title='bbox 617 1978 791 2054; x_wconf 88' lang='lat' dir='ltr'><strong>superstes</strong></span> <span class='ocrx_word' id='word_1_104' title='bbox 805 1977 893 2048; x_wconf 90' lang='lat' dir='ltr'><strong>erat,</strong></span> <span class='ocrx_word' id='word_1_105' title='bbox 909 1971 1016 2053; x_wconf 92' lang='lat' dir='ltr'><strong>probe</strong></span> <span class='ocrx_word' id='word_1_106' title='bbox 1028 1969 1141 2034; x_wconf 88' lang='lat' dir='ltr'><strong>evasit</strong></span> <span class='ocrx_word' id='word_1_107' title='bbox 1156 1988 1164 2049; x_wconf 85' lang='lat'>3</span> <span class='ocrx_word' id='word_1_108' title='bbox 1188 1968 1313 2051; x_wconf 90' lang='lat' dir='ltr'><strong>reliqui</strong></span> 
     </span>
     <span class='ocr_line' id='line_1_17' title="bbox 361 2069 1314 2154; baseline -0.002 -20"><span class='ocrx_word' id='word_1_109' title='bbox 361 2069 418 2134; x_wconf 91' lang='lat' dir='ltr'><strong>vel</strong></span> <span class='ocrx_word' id='word_1_110' title='bbox 443 2071 645 2149; x_wconf 91' lang='lat' dir='ltr'><strong>exanimati,</strong></span> <span class='ocrx_word' id='word_1_111' title='bbox 676 2072 732 2136; x_wconf 90' lang='lat' dir='ltr'><strong>vel</strong></span> <span class='ocrx_word' id='word_1_112' title='bbox 753 2070 911 2154; x_wconf 89' lang='lat' dir='ltr'><strong>perpetui</strong></span> <span class='ocrx_word' id='word_1_113' title='bbox 939 2070 1117 2152; x_wconf 81' lang='lat' dir='ltr'><strong>languoris</strong></span> <span class='ocrx_word' id='word_1_114' title='bbox 1148 2070 1314 2151; x_wconf 89' lang='lat' dir='ltr'><strong>compede</strong></span> 
     </span>
     <span class='ocr_line' id='line_1_18' title="bbox 361 2169 1316 2252; baseline 0.002 -20"><span class='ocrx_word' id='word_1_115' title='bbox 361 2169 505 2234; x_wconf 90' lang='lat' dir='ltr'><strong>detenti.</strong></span> <span class='ocrx_word' id='word_1_116' title='bbox 557 2171 638 2235; x_wconf 92' lang='lat' dir='ltr'><strong>Hoc</strong></span> <span class='ocrx_word' id='word_1_117' title='bbox 652 2172 854 2235; x_wconf 86' lang='lat' dir='ltr'><strong>miraculum</strong></span> <span class='ocrx_word' id='word_1_118' title='bbox 875 2170 1135 2252; x_wconf 89' lang='lat' dir='ltr'><strong>archiepiscopo</strong></span> <span class='ocrx_word' id='word_1_119' title='bbox 1156 2169 1316 2234; x_wconf 86' lang='lat' dir='ltr'><strong>exhibuit</strong></span> 
     </span>
     <span class='ocr_line' id='line_1_19' title="bbox 361 2269 1313 2353; baseline 0 -20"><span class='ocrx_word' id='word_1_120' title='bbox 361 2288 483 2351; x_wconf 91' lang='lat' dir='ltr'><strong>pacem</strong></span> <span class='ocrx_word' id='word_1_121' title='bbox 503 2271 546 2335; x_wconf 89' lang='lat' dir='ltr'><strong>de</strong></span> <span class='ocrx_word' id='word_1_122' title='bbox 564 2270 709 2349; x_wconf 87' lang='lat' dir='ltr'><strong>clericis,</strong></span> <span class='ocrx_word' id='word_1_123' title='bbox 728 2272 887 2336; x_wconf 92' lang='lat' dir='ltr'><strong>omnibus</strong></span> <span class='ocrx_word' id='word_1_124' title='bbox 902 2269 1029 2353; x_wconf 81' lang='lat' dir='ltr'><strong>Anglis</strong></span> <span class='ocrx_word' id='word_1_125' title='bbox 1051 2276 1136 2336; x_wconf 88' lang='lat' dir='ltr'><strong>tunc</strong></span> <span class='ocrx_word' id='word_1_126' title='bbox 1157 2276 1193 2334; x_wconf 91' lang='lat' dir='ltr'><strong>et</strong></span> <span class='ocrx_word' id='word_1_127' title='bbox 1215 2269 1313 2334; x_wconf 92' lang='lat' dir='ltr'><strong>dein·</strong></span> 
     </span>
     <span class='ocr_line' id='line_1_20' title="bbox 362 2370 1104 2455; baseline 0.005 -23"><span class='ocrx_word' id='word_1_128' title='bbox 362 2384 444 2452; x_wconf 90' lang='lat' dir='ltr'><strong>ceps</strong></span> <span class='ocrx_word' id='word_1_129' title='bbox 459 2370 496 2433; x_wconf 93' lang='lat' dir='ltr'><strong>in</strong></span> <span class='ocrx_word' id='word_1_130' title='bbox 512 2371 587 2455; x_wconf 90' lang='lat' dir='ltr'><strong>ejus</strong></span> <span class='ocrx_word' id='word_1_131' title='bbox 601 2372 809 2436; x_wconf 90' lang='lat' dir='ltr'><strong>sententiam</strong></span> <span class='ocrx_word' id='word_1_132' title='bbox 824 2370 1104 2436; x_wconf 84' lang='lat' dir='ltr'><strong>concedentibus.</strong></span> 
     </span>
    </p>

    <p class='ocr_par' dir='ltr' id='par_1_3' title="bbox 361 2469 1315 3459">
     <span class='ocr_line' id='line_1_21' title="bbox 413 2469 1310 2565; baseline 0 -32"><span class='ocrx_word' id='word_1_133' title='bbox 413 2469 523 2553; x_wconf 61' lang='lat'><strong>5162.</strong></span> <span class='ocrx_word' id='word_1_134' title='bbox 561 2470 701 2536; x_wconf 89' lang='lat' dir='ltr'><strong>Interea</strong></span> <span class='ocrx_word' id='word_1_135' title='bbox 722 2492 785 2536; x_wconf 86' lang='lat' dir='ltr'><strong>rex</strong></span> <span class='ocrx_word' id='word_1_136' title='bbox 807 2471 999 2565; x_wconf 68' lang='lat' dir='ltr'><strong>Edwardus</strong></span> <span class='ocrx_word' id='word_1_137' title='bbox 1022 2470 1164 2536; x_wconf 86' lang='lat' dir='ltr'><strong>fratrem</strong></span> <span class='ocrx_word' id='word_1_138' title='bbox 1182 2486 1310 2553; x_wconf 83' lang='lat' dir='ltr'><strong>pueru-</strong></span> 
     </span>
     <span class='ocr_line' id='line_1_22' title="bbox 361 2568 1312 2656; baseline 0.001 -23"><span class='ocrx_word' id='word_1_139' title='bbox 361 2568 433 2634; x_wconf 94' lang='lat' dir='ltr'><strong>lum</strong></span> <span class='ocrx_word' id='word_1_140' title='bbox 456 2577 491 2635; x_wconf 92' lang='lat' dir='ltr'><strong>et</strong></span> <span class='ocrx_word' id='word_1_141' title='bbox 513 2592 697 2636; x_wconf 90' lang='lat' dir='ltr'><strong>novercam</strong></span> <span class='ocrx_word' id='word_1_142' title='bbox 718 2574 849 2656; x_wconf 90' lang='lat' dir='ltr'><strong>pietate</strong></span> <span class='ocrx_word' id='word_1_143' title='bbox 871 2591 1026 2653; x_wconf 82' lang='lat' dir='ltr'><strong>congrua</strong></span> <span class='ocrx_word' id='word_1_144' title='bbox 1047 2571 1172 2649; x_wconf 90' lang='lat' dir='ltr'><strong>colere,</strong></span> <span class='ocrx_word' id='word_1_145' title='bbox 1198 2571 1312 2634; x_wconf 93' lang='lat' dir='ltr'><strong>solum</strong></span> 
     </span>
     <span class='ocr_line' id='line_1_23' title="bbox 362 2672 1312 2756; baseline 0.002 -22"><span class='ocrx_word' id='word_1_146' title='bbox 362 2691 486 2735; x_wconf 90' lang='lat' dir='ltr'><strong>nomen</strong></span> <span class='ocrx_word' id='word_1_147' title='bbox 508 2673 601 2754; x_wconf 86' lang='lat' dir='ltr'><strong>regis</strong></span> <span class='ocrx_word' id='word_1_148' title='bbox 624 2672 761 2751; x_wconf 91' lang='lat' dir='ltr'><strong>habere,</strong></span> <span class='ocrx_word' id='word_1_149' title='bbox 786 2672 856 2736; x_wconf 90' lang='lat' dir='ltr'><strong>illis</strong></span> <span class='ocrx_word' id='word_1_150' title='bbox 875 2678 1001 2736; x_wconf 87' lang='lat' dir='ltr'><strong>caetera</strong></span> <span class='ocrx_word' id='word_1_151' title='bbox 1022 2672 1232 2756; x_wconf 90' lang='lat' dir='ltr'><strong>permittere,</strong></span> <span class='ocrx_word' id='word_1_152' title='bbox 1247 2691 1312 2754; x_wconf 92' lang='lat' dir='ltr'><strong>pa·</strong></span> 
     </span>
     <span class='ocr_line' id='line_1_24' title="bbox 361 2772 1314 2854; baseline 0 -18"><span class='ocrx_word' id='word_1_153' title='bbox 361 2778 470 2836; x_wconf 85' lang='lat' dir='ltr'><strong>ternae</strong></span> <span class='ocrx_word' id='word_1_154' title='bbox 495 2773 671 2854; x_wconf 82' lang='lat' dir='ltr'><strong>religionis</strong></span> <span class='ocrx_word' id='word_1_155' title='bbox 694 2773 843 2854; x_wconf 82' lang='lat' dir='ltr'><strong>vestigia</strong></span> <span class='ocrx_word' id='word_1_156' title='bbox 873 2773 1002 2850; x_wconf 89' lang='lat' dir='ltr'><strong>rimari,</strong></span> <span class='ocrx_word' id='word_1_157' title='bbox 1031 2773 1131 2837; x_wconf 90' lang='lat' dir='ltr'><strong>bonis</strong></span> <span class='ocrx_word' id='word_1_158' title='bbox 1159 2772 1314 2836; x_wconf 89' lang='lat' dir='ltr'><strong>consiliis</strong></span> 
     </span>
     <span class='ocr_line' id='line_1_25' title="bbox 362 2873 1313 2951; baseline 0.001 -15"><span class='ocrx_word' id='word_1_159' title='bbox 362 2891 481 2936; x_wconf 89' lang='lat' dir='ltr'><strong>aurem</strong></span> <span class='ocrx_word' id='word_1_160' title='bbox 496 2880 532 2937; x_wconf 93' lang='lat' dir='ltr'><strong>et</strong></span> <span class='ocrx_word' id='word_1_161' title='bbox 551 2874 702 2937; x_wconf 92' lang='lat' dir='ltr'><strong>animum</strong></span> <span class='ocrx_word' id='word_1_162' title='bbox 725 2873 1006 2938; x_wconf 90' lang='lat' dir='ltr'><strong>accommodare:</strong></span> <span class='ocrx_word' id='word_1_163' title='bbox 1033 2881 1070 2938; x_wconf 92' lang='lat' dir='ltr'><strong>at</strong></span> <span class='ocrx_word' id='word_1_164' title='bbox 1092 2873 1226 2951; x_wconf 88' lang='lat' dir='ltr'><strong>mulier,</strong></span> <span class='ocrx_word' id='word_1_165' title='bbox 1249 2894 1313 2937; x_wconf 92' lang='lat' dir='ltr'><strong>no·</strong></span> 
     </span>
     <span class='ocr_line' id='line_1_26' title="bbox 361 2973 1313 3058; baseline -0.001 -20"><span class='ocrx_word' id='word_1_166' title='bbox 361 2973 491 3038; x_wconf 90' lang='lat' dir='ltr'><strong>vercali</strong></span> <span class='ocrx_word' id='word_1_167' title='bbox 523 2973 603 3037; x_wconf 94' lang='lat' dir='ltr'><strong>odio</strong></span> <span class='ocrx_word' id='word_1_168' title='bbox 632 2975 808 3058; x_wconf 88' lang='lat' dir='ltr'><strong>vipereum</strong></span> <span class='ocrx_word' id='word_1_169' title='bbox 832 2974 949 3038; x_wconf 93' lang='lat' dir='ltr'><strong>dolum</strong></span> <span class='ocrx_word' id='word_1_170' title='bbox 977 2974 1156 3038; x_wconf 90' lang='lat' dir='ltr'><strong>ruminans</strong></span> <span class='ocrx_word' id='word_1_171' title='bbox 1185 2981 1224 3038; x_wconf 91' lang='lat' dir='ltr'><strong>ut</strong></span> <span class='ocrx_word' id='word_1_172' title='bbox 1248 2993 1313 3038; x_wconf 90' lang='lat' dir='ltr'><strong>nec</strong></span> 
     </span>
     <span class='ocr_line' id='line_1_27' title="bbox 362 3074 1315 3157; baseline 0.003 -22"><span class='ocrx_word' id='word_1_173' title='bbox 362 3093 488 3137; x_wconf 90' lang='lat' dir='ltr'><strong>nomen</strong></span> <span class='ocrx_word' id='word_1_174' title='bbox 501 3075 592 3157; x_wconf 77' lang='lat' dir='ltr'><strong>regis</strong></span> <span class='ocrx_word' id='word_1_175' title='bbox 606 3074 677 3137; x_wconf 88' lang='lat' dir='ltr'><strong>filio</strong></span> <span class='ocrx_word' id='word_1_176' title='bbox 688 3075 835 3153; x_wconf 88' lang='lat' dir='ltr'><strong>deesset,</strong></span> <span class='ocrx_word' id='word_1_177' title='bbox 845 3074 988 3138; x_wconf 88' lang='lat' dir='ltr'><strong>insidias</strong></span> <span class='ocrx_word' id='word_1_178' title='bbox 999 3075 1159 3157; x_wconf 82' lang='lat' dir='ltr'><strong>privigno</strong></span> <span class='ocrx_word' id='word_1_179' title='bbox 1167 3080 1315 3151; x_wconf 88' lang='lat' dir='ltr'><strong>struere,</strong></span> 
     </span>
     <span class='ocr_line' id='line_1_28' title="bbox 362 3173 1315 3256; baseline 0.001 -20"><span class='ocrx_word' id='word_1_180' title='bbox 362 3193 450 3256; x_wconf 91' lang='lat' dir='ltr'><strong>quas</strong></span> <span class='ocrx_word' id='word_1_181' title='bbox 478 3173 543 3237; x_wconf 93' lang='lat' dir='ltr'><strong>hoc</strong></span> <span class='ocrx_word' id='word_1_182' title='bbox 561 3175 663 3239; x_wconf 94' lang='lat' dir='ltr'><strong>modo</strong></span> <span class='ocrx_word' id='word_1_183' title='bbox 680 3174 943 3240; x_wconf 87' lang='lat' dir='ltr'><strong>consummavit.</strong></span> <span class='ocrx_word' id='word_1_184' title='bbox 987 3175 1118 3240; x_wconf 87' lang='lat' dir='ltr'><strong>Lassus</strong></span> <span class='ocrx_word' id='word_1_185' title='bbox 1130 3174 1315 3239; x_wconf 90' lang='lat' dir='ltr'><strong>venatione</strong></span> 
     </span>
     <span class='ocr_line' id='line_1_29' title="bbox 363 3275 1314 3359; baseline 0.002 -24"><span class='ocrx_word' id='word_1_186' title='bbox 363 3276 602 3338; x_wconf 88' lang='lat' dir='ltr'><strong>revertebatur</strong></span> <span class='ocrx_word' id='word_1_187' title='bbox 627 3283 769 3359; x_wconf 91' lang='lat' dir='ltr'><strong>propter</strong></span> <span class='ocrx_word' id='word_1_188' title='bbox 791 3276 945 3340; x_wconf 89' lang='lat' dir='ltr'><strong>laborem</strong></span> <span class='ocrx_word' id='word_1_189' title='bbox 972 3276 1030 3340; x_wconf 90' lang='lat' dir='ltr'><strong>siti</strong></span> <span class='ocrx_word' id='word_1_190' title='bbox 1055 3275 1221 3354; x_wconf 84' lang='lat' dir='ltr'><strong>anhelus3</strong></span> <span class='ocrx_word' id='word_1_191' title='bbox 1255 3294 1314 3338; x_wconf 90' lang='lat' dir='ltr'><strong>co·</strong></span> 
     </span>
     <span class='ocr_line' id='line_1_30' title="bbox 363 3373 1314 3459; baseline 0.002 -23"><span class='ocrx_word' id='word_1_192' title='bbox 363 3373 476 3451; x_wconf 90' lang='lat' dir='ltr'><strong>mites,</strong></span> <span class='ocrx_word' id='word_1_193' title='bbox 492 3394 562 3455; x_wconf 90' lang='lat' dir='ltr'><strong>quo</strong></span> <span class='ocrx_word' id='word_1_194' title='bbox 586 3396 756 3459; x_wconf 91' lang='lat' dir='ltr'><strong>quemque</strong></span> <span class='ocrx_word' id='word_1_195' title='bbox 778 3396 879 3441; x_wconf 87' lang='lat' dir='ltr'><strong>casus</strong></span> <span class='ocrx_word' id='word_1_196' title='bbox 896 3377 1035 3454; x_wconf 89' lang='lat' dir='ltr'><strong>tulerat,</strong></span> <span class='ocrx_word' id='word_1_197' title='bbox 1051 3394 1154 3439; x_wconf 90' lang='lat' dir='ltr'><strong>canes</strong></span> <span class='ocrx_word' id='word_1_198' title='bbox 1172 3393 1314 3439; x_wconf 87' lang='lat' dir='ltr'><strong>consec·</strong></span> 
     </span>
    </p>
   </div>
   <div class='ocr_carea' id='block_1_3' title="bbox 363 3574 1350 4275">
    <p class='ocr_par' dir='ltr' id='par_1_4' title="bbox 363 3574 1350 4275">
     <span class='ocr_line' id='line_1_31' title="bbox 363 3574 1316 3640; baseline 0.002 -17"><span class='ocrx_word' id='word_1_199' title='bbox 363 3575 445 3625; x_wconf 86' lang='lat' dir='ltr'><strong>There</strong></span> <span class='ocrx_word' id='word_1_200' title='bbox 463 3589 581 3638; x_wconf 83' lang='lat' dir='ltr'><strong>appears,</strong></span> <span class='ocrx_word' id='word_1_201' title='bbox 598 3576 724 3638; x_wconf 87' lang='lat' dir='ltr'><strong>however,</strong></span> <span class='ocrx_word' id='word_1_202' title='bbox 745 3582 771 3626; x_wconf 88' lang='lat' dir='ltr'><strong>to</strong></span> <span class='ocrx_word' id='word_1_203' title='bbox 794 3579 825 3628; x_wconf 91' lang='lat' dir='ltr'><strong>be</strong></span> <span class='ocrx_word' id='word_1_204' title='bbox 891 3574 902 3606; x_wconf 69' lang='lat'><em>2</em></span> <span class='ocrx_word' id='word_1_205' title='bbox 930 3577 1085 3626; x_wconf 76' lang='lat' dir='ltr'><strong>Dominicum</strong></span> <span class='ocrx_word' id='word_1_206' title='bbox 1113 3576 1244 3640; x_wconf 71' lang='lat' dir='ltr'><strong>imaginem</strong></span> <span class='ocrx_word' id='word_1_207' title='bbox 1271 3591 1316 3625; x_wconf 83' lang='lat' dir='ltr'><strong>ex·</strong></span> 
     </span>
     <span class='ocr_line' id='line_1_32' title="bbox 364 3645 1314 3710; baseline 0.003 -16"><span class='ocrx_word' id='word_1_208' title='bbox 364 3661 397 3694; x_wconf 92' lang='lat' dir='ltr'><strong>no</strong></span> <span class='ocrx_word' id='word_1_209' title='bbox 418 3645 499 3695; x_wconf 91' lang='lat' dir='ltr'><strong>doubt</strong></span> <span class='ocrx_word' id='word_1_210' title='bbox 527 3646 582 3695; x_wconf 89' lang='lat' dir='ltr'><strong>that</strong></span> <span class='ocrx_word' id='word_1_211' title='bbox 605 3647 647 3696; x_wconf 90' lang='lat' dir='ltr'><strong>the</strong></span> <span class='ocrx_word' id='word_1_212' title='bbox 672 3649 772 3697; x_wconf 92' lang='lat' dir='ltr'><strong>council</strong></span> <span class='ocrx_word' id='word_1_213' title='bbox 800 3650 829 3698; x_wconf 85' lang='lat' dir='ltr'><strong>of</strong></span> <span class='ocrx_word' id='word_1_214' title='bbox 850 3663 931 3709; x_wconf 78' lang='lat' dir='ltr'><strong>presse</strong></span> <span class='ocrx_word' id='word_1_215' title='bbox 946 3648 1072 3710; x_wconf 73' lang='lat' dir='ltr'><strong>locutam]</strong></span> <span class='ocrx_word' id='word_1_216' title='bbox 1098 3648 1165 3696; x_wconf 89' lang='lat' dir='ltr'><strong>Ecce</strong></span> <span class='ocrx_word' id='word_1_217' title='bbox 1184 3648 1314 3697; x_wconf 87' lang='lat' dir='ltr'><strong>Dominici</strong></span> 
     </span>
     <span class='ocr_line' id='line_1_33' title="bbox 365 3714 1315 3781; baseline 0.001 -15"><span class='ocrx_word' id='word_1_218' title='bbox 365 3714 446 3766; x_wconf 79' lang='lat' dir='ltr'><strong>Calue</strong></span> <span class='ocrx_word' id='word_1_219' title='bbox 457 3731 512 3765; x_wconf 86' lang='lat' dir='ltr'><strong>was</strong></span> <span class='ocrx_word' id='word_1_220' title='bbox 523 3716 615 3766; x_wconf 90' lang='lat' dir='ltr'><strong>holden</strong></span> <span class='ocrx_word' id='word_1_221' title='bbox 626 3718 652 3765; x_wconf 92' lang='lat' dir='ltr'><strong>in</strong></span> <span class='ocrx_word' id='word_1_222' title='bbox 663 3722 721 3780; x_wconf 79' lang='grc'>978,</span> <span class='ocrx_word' id='word_1_223' title='bbox 733 3719 826 3781; x_wconf 81' lang='lat' dir='ltr'><strong>during</strong></span> <span class='ocrx_word' id='word_1_224' title='bbox 852 3719 963 3779; x_wconf 85' lang='lat' dir='ltr'><strong>corporis</strong></span> <span class='ocrx_word' id='word_1_225' title='bbox 974 3717 1063 3779; x_wconf 77' lang='lat' dir='ltr'><strong>forma,</strong></span> <span class='ocrx_word' id='word_1_226' title='bbox 1074 3717 1168 3767; x_wconf 87' lang='lat' dir='ltr'><strong>vexillo</strong></span> <span class='ocrx_word' id='word_1_227' title='bbox 1179 3719 1262 3768; x_wconf 88' lang='lat' dir='ltr'><strong>crucis</strong></span> <span class='ocrx_word' id='word_1_228' title='bbox 1275 3720 1315 3767; x_wconf 90' lang='lat' dir='ltr'><strong>iu-</strong></span> 
     </span>
     <span class='ocr_line' id='line_1_34' title="bbox 364 3786 1314 3851; baseline 0.003 -16"><span class='ocrx_word' id='word_1_229' title='bbox 364 3787 407 3836; x_wconf 91' lang='lat' dir='ltr'><strong>the</strong></span> <span class='ocrx_word' id='word_1_230' title='bbox 426 3786 470 3835; x_wconf 82' lang='lat' dir='ltr'><strong>lise</strong></span> <span class='ocrx_word' id='word_1_231' title='bbox 481 3786 510 3836; x_wconf 85' lang='lat' dir='ltr'><strong>of</strong></span> <span class='ocrx_word' id='word_1_232' title='bbox 519 3788 648 3837; x_wconf 85' lang='lat' dir='ltr'><strong>Eadward</strong></span> <span class='ocrx_word' id='word_1_233' title='bbox 663 3787 705 3837; x_wconf 91' lang='lat' dir='ltr'><strong>the</strong></span> <span class='ocrx_word' id='word_1_234' title='bbox 717 3789 825 3850; x_wconf 86' lang='lat' dir='ltr'><strong>Martyr.</strong></span> <span class='ocrx_word' id='word_1_235' title='bbox 852 3789 912 3851; x_wconf 85' lang='lat' dir='ltr'><strong>fixa,</strong></span> <span class='ocrx_word' id='word_1_236' title='bbox 923 3793 1000 3850; x_wconf 90' lang='lat' dir='ltr'><strong>atque</strong></span> <span class='ocrx_word' id='word_1_237' title='bbox 1011 3788 1133 3837; x_wconf 85' lang='lat' dir='ltr'><strong>mediocri</strong></span> <span class='ocrx_word' id='word_1_238' title='bbox 1144 3789 1314 3850; x_wconf 87' lang='lat' dir='ltr'><strong>domusparte</strong></span> 
     </span>
     <span class='ocr_line' id='line_1_35' title="bbox 364 3857 1316 3922; baseline 0.003 -18"><span class='ocrx_word' id='word_1_239' title='bbox 364 3857 495 3921; x_wconf 88' lang='lat' dir='ltr'><strong>Florence,</strong></span> <span class='ocrx_word' id='word_1_240' title='bbox 505 3857 631 3922; x_wconf 88' lang='lat' dir='ltr'><strong>however,</strong></span> <span class='ocrx_word' id='word_1_241' title='bbox 643 3859 743 3919; x_wconf 76' lang='lat' dir='ltr'><strong>assigna</strong></span> <span class='ocrx_word' id='word_1_242' title='bbox 761 3860 781 3908; x_wconf 91' lang='lat' dir='ltr'><strong>it</strong></span> <span class='ocrx_word' id='word_1_243' title='bbox 800 3864 826 3908; x_wconf 93' lang='lat' dir='ltr'><strong>to</strong></span> <span class='ocrx_word' id='word_1_244' title='bbox 851 3859 944 3922; x_wconf 87' lang='lat' dir='ltr'><strong>locata,</strong></span> <span class='ocrx_word' id='word_1_245' title='bbox 960 3859 1083 3907; x_wconf 82' lang='lat' dir='ltr'><strong>humanos</strong></span> <span class='ocrx_word' id='word_1_246' title='bbox 1104 3859 1247 3920; x_wconf 84' lang='lat' dir='ltr'><strong>exprimens</strong></span> <span class='ocrx_word' id='word_1_247' title='bbox 1262 3874 1316 3908; x_wconf 89' lang='lat' dir='ltr'><strong>mo-</strong></span> 
     </span>
     <span class='ocr_line' id='line_1_36' title="bbox 364 3928 1315 3993; baseline 0.002 -17"><span class='ocrx_word' id='word_1_248' title='bbox 364 3928 407 3976; x_wconf 90' lang='lat' dir='ltr'><strong>the</strong></span> <span class='ocrx_word' id='word_1_249' title='bbox 420 3943 480 3989; x_wconf 83' lang='lat' dir='ltr'><strong>year</strong></span> <span class='ocrx_word' id='word_1_250' title='bbox 491 3932 548 3979; x_wconf 74' lang='lat' dir='ltr'><strong>eit.</strong></span> <span class='ocrx_word' id='word_1_251' title='bbox 851 3930 908 3993; x_wconf 82' lang='lat' dir='ltr'><strong>dos,</strong></span> <span class='ocrx_word' id='word_1_252' title='bbox 925 3929 1037 3977; x_wconf 88' lang='lat' dir='ltr'><strong>omnium</strong></span> <span class='ocrx_word' id='word_1_253' title='bbox 1056 3942 1131 3977; x_wconf 87' lang='lat' dir='ltr'><strong>voces</strong></span> <span class='ocrx_word' id='word_1_254' title='bbox 1150 3931 1315 3992; x_wconf 84' lang='lat' dir='ltr'><strong>compescuit,</strong></span> 
     </span>
     <span class='ocr_line' id='line_1_37' title="bbox 850 3998 1314 4064; baseline 0 -16"><span class='ocrx_word' id='word_1_255' title='bbox 850 4000 954 4049; x_wconf 84' lang='lat' dir='ltr'><strong>dicens:</strong></span> <span class='ocrx_word' id='word_1_256' title='bbox 971 3998 1046 4048; x_wconf 78' lang='lat' dir='ltr'><strong>Absit</strong></span> <span class='ocrx_word' id='word_1_257' title='bbox 1057 3999 1110 4060; x_wconf 77' lang='lat' dir='ltr'><strong>boc,</strong></span> <span class='ocrx_word' id='word_1_258' title='bbox 1127 4004 1155 4048; x_wconf 82' lang='lat' dir='ltr'><strong>ut</strong></span> <span class='ocrx_word' id='word_1_259' title='bbox 1162 3999 1231 4064; x_wconf 81' lang='lat' dir='ltr'><strong>flot,·</strong></span> <span class='ocrx_word' id='word_1_260' title='bbox 1248 3999 1314 4048; x_wconf 81' lang='lat' dir='ltr'><strong>obsit</strong></span> 
     </span>
     <span class='ocr_line' id='line_1_38' title="bbox 401 4065 1315 4134; baseline 0.005 -18"><span class='ocrx_word' id='word_1_261' title='bbox 401 4065 409 4097; x_wconf 92' lang='lat'>¹</span> <span class='ocrx_word' id='word_1_262' title='bbox 421 4068 488 4117; x_wconf 70' lang='lat' dir='ltr'><strong>Atia</strong></span> <span class='ocrx_word' id='word_1_263' title='bbox 500 4067 579 4117; x_wconf 74' lang='lat' dir='ltr'><strong>litera</strong></span> <span class='ocrx_word' id='word_1_264' title='bbox 593 4069 698 4130; x_wconf 78' lang='lat' dir='ltr'><strong>doceat]</strong></span> <span class='ocrx_word' id='word_1_265' title='bbox 718 4069 766 4118; x_wconf 89' lang='lat' dir='ltr'><strong>See</strong></span> <span class='ocrx_word' id='word_1_266' title='bbox 778 4069 828 4119; x_wconf 88' lang='lat' dir='ltr'><strong>Os·</strong></span> <span class='ocrx_word' id='word_1_267' title='bbox 851 4071 903 4132; x_wconf 87' lang='lat' dir='ltr'><strong>hoc,</strong></span> <span class='ocrx_word' id='word_1_268' title='bbox 914 4069 1007 4134; x_wconf 81' lang='lat' dir='ltr'><strong>utfiot.</strong></span> <span class='ocrx_word' id='word_1_269' title='bbox 1043 4068 1152 4119; x_wconf 88' lang='lat' dir='ltr'><strong>Osbern.</strong></span> <span class='ocrx_word' id='word_1_270' title='bbox 1163 4070 1205 4119; x_wconf 91' lang='lat' dir='ltr'><strong>De</strong></span> <span class='ocrx_word' id='word_1_271' title='bbox 1215 4070 1276 4118; x_wconf 82' lang='lat' dir='ltr'><strong>Vita</strong></span> <span class='ocrx_word' id='word_1_272' title='bbox 1287 4071 1315 4121; x_wconf 89' lang='lat' dir='ltr'><strong>S.</strong></span> 
     </span>
     <span class='ocr_line' id='line_1_39' title="bbox 364 4138 1315 4208; baseline 0.005 -22"><span class='ocrx_word' id='word_1_273' title='bbox 364 4139 549 4188; x_wconf 77' lang='lat' dir='ltr'><strong>bermDeVita</strong></span> <span class='ocrx_word' id='word_1_274' title='bbox 557 4139 583 4189; x_wconf 85' lang='lat' dir='ltr'><strong>S.</strong></span> <span class='ocrx_word' id='word_1_275' title='bbox 591 4139 727 4190; x_wconf 82' lang='lat' dir='ltr'><strong>Dunstani.</strong></span> <span class='ocrx_word' id='word_1_276' title='bbox 737 4139 827 4208; x_wconf 83' lang='lat' dir='ltr'><strong>(Angl.</strong></span> <span class='ocrx_word' id='word_1_277' title='bbox 852 4140 989 4191; x_wconf 87' lang='lat' dir='ltr'><strong>Dunstani.</strong></span> <span class='ocrx_word' id='word_1_278' title='bbox 1006 4138 1096 4208; x_wconf 81' lang='lat' dir='ltr'><strong>(Angl.</strong></span> <span class='ocrx_word' id='word_1_279' title='bbox 1117 4139 1187 4191; x_wconf 87' lang='lat' dir='ltr'><strong>Sacr.</strong></span> <span class='ocrx_word' id='word_1_280' title='bbox 1203 4154 1264 4202; x_wconf 86' lang='lat' dir='ltr'><strong>pars</strong></span> <span class='ocrx_word' id='word_1_281' title='bbox 1284 4153 1315 4191; x_wconf 90' lang='lat'><strong>11.</strong></span> 
     </span>
     <span class='ocr_line' id='line_1_40' title="bbox 364 4206 1350 4275; baseline 0.002 -17"><span class='ocrx_word' id='word_1_282' title='bbox 364 4209 435 4259; x_wconf 80' lang='lat' dir='ltr'><strong>Sacr.</strong></span> <span class='ocrx_word' id='word_1_283' title='bbox 446 4223 508 4271; x_wconf 86' lang='lat' dir='ltr'><strong>pars</strong></span> <span class='ocrx_word' id='word_1_284' title='bbox 519 4222 549 4259; x_wconf 83' lang='lat' dir='ltr'><strong>u.</strong></span> <span class='ocrx_word' id='word_1_285' title='bbox 562 4224 588 4270; x_wconf 90' lang='lat' dir='ltr'><strong>p.</strong></span> <span class='ocrx_word' id='word_1_286' title='bbox 602 4206 671 4273; x_wconf 82' lang='lat'>112.)</span> <span class='ocrx_word' id='word_1_287' title='bbox 851 4226 878 4272; x_wconf 84' lang='lat' dir='ltr'><strong>p.</strong></span> <span class='ocrx_word' id='word_1_288' title='bbox 891 4208 961 4275; x_wconf 73' lang='lat'>112.)</span> <span class='ocrx_word' id='word_1_289' title='bbox 1348 4224 1350 4229; x_wconf 90' lang='lat'>·</span> 
     </span>
    </p>
   </div>
   <div class='ocr_carea' id='block_1_4' title="bbox 0 0 1453 4890">
    <p class='ocr_par' dir='ltr' id='par_1_5' title="bbox 0 0 1453 4890">
     <span class='ocr_line' id='line_1_41' title="bbox 0 0 1453 4890; baseline 0 0"><span class='ocrx_word' id='word_1_290' title='bbox 0 0 1453 4890; x_wconf 95' lang='lat' dir='ltr'><strong> </strong></span> 
     </span>
    </p>
   </div>
  </div>
 </body>
</html>
