2858 4890
358 403 457 481 334,
581 415 695 464 cnsrA
719 415 846 463 uncum
870 413 1084 463 aucaouuu.
1168 399 1316 480 [mnu.

360 580 500 656 pectore
516 572 668 636 omnium
690 572 882 636 liberalium
900 571 1027 636 artium
1050 579 1142 636 esset
1162 592 1312 656 gymna-

361 675 463 749 sium,
478 673 538 735 sed
559 692 704 754 parvum
724 673 761 736 in
780 673 964 736 mundanis
987 673 1089 736 rebus
1110 673 1309 755 ingenium3

361 792 465 855 quam
481 792 558 835 cum
569 772 714 851 videres,
731 766 778 836 ¹si
790 773 909 836 literas
924 780 1093 855 stupereS,
1105 772 1313 837 modestiam

361 880 455 936 certe
491 872 596 935 animi
636 880 671 937 et
708 874 857 955 speciem
896 873 1050 954 corporis
1085 871 1310 937 desiderares.

363 971 466 1049 Haec,
480 979 515 1035 et
530 972 610 1036 vivo
624 972 749 1036 marito
765 980 801 1036 et
814 977 962 1049 mortuo,
980 972 1097 1054 probri
1112 972 1312 1055 suspicione

362 1091 432 1135 non
443 1072 574 1151 caruit3
590 1072 662 1148 sed,
673 1065 835 1136 ²moriens
847 1080 1001 1155 tempore
1012 1066 1310 1157 ³Willelmi,jure·

357 1171 509 1255 jurando
530 1172 723 1235 astantibus
740 1173 782 1235 de
806 1178 975 1254 perpetua
994 1172 1195 1254 integritate
1217 1172 1311 1237 ultro

362 1271 541 1335 satisfecit.
593 1270 751 1354 Nuptam
774 1273 839 1335 sibi
860 1291 923 1335 rex
944 1272 1010 1335 hac
1031 1279 1107 1336 arte
1122 1274 1311 1350 tractabat,

362 1379 402 1435 ut
426 1391 489 1435 nec
511 1371 612 1435 thoro
637 1379 825 1449 amoveret,
850 1392 913 1436 nec
930 1372 1023 1436 virili
1043 1392 1138 1436 more
1162 1391 1312 1454 cognos-

363 1479 478 1537 ceret:
502 1471 594 1552 quod
619 1491 665 1535 an
689 1464 848 1536 4familiae
871 1471 966 1535 illius
995 1471 1087 1550 odio,
1112 1472 1205 1554 qnod
1227 1492 1311 1555 pru·

362 1570 483 1636 denter
498 1571 738 1636 dissimulabat
757 1591 820 1654 pro
842 1579 1009 1654 tempore,
1031 1590 1075 1636 an
1091 1590 1207 1637 amore
1232 1591 1312 1636 cas·

362 1671 475 1735 titatis
501 1670 632 1747 fecerit,
656 1691 719 1753 pro
742 1678 837 1736 certo
854 1678 1067 1755 compertum
1092 1692 1163 1735 non
1184 1671 1308 1736 habeo.

364 1769 457 1835 Illud
480 1770 700 1834 celeberrime
724 1769 845 1849 fertur,
873 1791 1051 1854 nunquam
1073 1771 1172 1836 illum
1191 1772 1311 1855 cujus-

363 1889 466 1951 quam
495 1870 649 1934 mulieris
679 1871 904 1936 contubernio
935 1871 1137 1953 pudicitiam
1166 1872 1311 1936 laesisse.

201 1985 332 2025 Stramenta
364 1968 432 2034 Sed
460 1971 542 2053 quia
571 1970 616 2034 ad
645 1970 680 2034 id
708 1972 864 2036 locorum
886 1978 1028 2037 ventum
1053 1979 1119 2049 est,
1146 1971 1312 2036 lectorem

201 2037 225 2073 ol
232 2037 302 2075 saxon
309 2036 351 2075 and

202 2086 298 2125 norman
307 2086 351 2126 aa·
362 2071 603 2152 praemonitum
619 2070 699 2134 volo
715 2072 807 2154 quod
823 2072 879 2135 hic
893 2072 993 2154 quasi
1016 2071 1202 2155 ancipitem
1217 2072 1311 2137 viam

200 2137 351 2177 toriamatva·

202 2186 279 2226 runa
363 2171 571 2234 narrationis
596 2171 709 2248 video,
731 2172 814 2253 quia
837 2171 966 2236 veritas
993 2171 1162 2235 factorum
1184 2171 1312 2255 pendet

362 2269 400 2333 in
422 2269 539 2334 dubio.
591 2269 766 2352 Siquidem
788 2271 986 2353 aliquantos
1002 2270 1225 2335 Normannos
1247 2291 1311 2335 rex

363 2368 581 2447 accersierat,
597 2370 657 2452 qui
672 2370 753 2434 olim
768 2371 921 2454 inopiam
944 2371 1058 2434 exulis
1080 2371 1237 2453 pauculis
1251 2373 1312 2435 be-

364 2468 495 2532 neficiis
524 2470 703 2550 levarant;
734 2470 823 2534 inter
848 2490 936 2553 quos
959 2464 1182 2549 ⁵Robertum,
1209 2492 1312 2554 quem

364 2587 409 2631 ex
424 2570 593 2633 monacho
608 2568 875 2634 Gemmeticensi
894 2571 1093 2654 episcopum
1109 2569 1313 2650 Londoniae,

201 2696 255 2735 an.
266 2698 323 2737 1051.
364 2674 400 2732 et
430 2676 510 2751 post
547 2669 843 2752 archiepiscopum
879 2670 1092 2747 cantuariae,
1128 2678 1313 2736 statuerat.

399 2942 406 2974 ¹
428 2944 459 2994 Si
478 2944 564 2993 literas
582 2940 711 3008 stuperes]
735 2943 825 3005 Iugul-
849 2943 1009 2994 winchester
1034 2958 1110 2993 seven
1132 2943 1197 3006 days
1224 2945 1312 2994 before

363 3013 440 3077 phua,
474 3015 591 3075 alluding
625 3018 652 3062 to
688 3013 825 3076 Eadgithe,
850 3010 1079 3078 Christmasfflec.
1092 3010 1236 3077 19),inthe
1251 3030 1314 3076 year

363 3086 466 3134 writes:
483 3085 490 3111 ‘
501 3084 594 3132 Puella
605 3083 784 3145 pulcherrima,
795 3084 827 3132 li·
851 3087 929 3147 1⁰⁷53
941 3081 991 3132 a'nd
999 3099 1054 3133 was
1065 3084 1156 3132 buried
1166 3084 1229 3132 with
1240 3089 1315 3146 great

363 3155 424 3203 teris
432 3155 545 3216 apprime
554 3154 654 3203 erudita
663 3154 679 3215 ;'
689 3154 739 3202 and
750 3153 825 3202 ‘Vidi
849 3169 925 3215 pomp
942 3155 969 3202 in
987 3154 1110 3203 thesaure
1128 3168 1205 3215 grave
1222 3167 1253 3202 as
1267 3155 1314 3204 her

364 3239 412 3287 ego
430 3224 500 3273 illam
522 3224 677 3285 multotiens,
699 3237 757 3272 cum
779 3238 826 3284 pa·
849 3224 976 3285 husband,
1008 3228 1036 3272 at
1062 3223 1249 3284 Westminster,
1279 3225 1315 3286 by

363 3298 427 3343 trem
445 3309 529 3343 meum
551 3295 578 3342 in
599 3295 667 3355 regis
684 3293 756 3342 curia
773 3307 826 3340 mo·
849 3295 981 3342 command
1000 3293 1030 3342 oi
1045 3293 1159 3342 william
1181 3293 1224 3343 tha
1247 3293 1315 3343 Con·

363 3369 460 3412 rentem
484 3363 569 3413 adhuc
592 3378 657 3424 puer
682 3362 825 3422 inviserem,
849 3377 949 3424 queror.

364 3439 390 3482 et
407 3434 502 3493 saepius
515 3433 578 3482 mihi
597 3434 630 3481 de
648 3430 741 3481 scholis
758 3432 826 3480 veni·
885 3452 1053 3520 ewa-Helm]
1073 3457 1103 3505 C·
1121 3456 1158 3506 D·
1176 3457 1227 3506 E..
1245 3456 1316 3518 regis

364 3505 416 3551 enti
441 3503 473 3550 de
503 3503 584 3551 literis
611 3517 641 3551 ac
663 3516 739 3550 versu
769 3517 825 3551 meo
849 3527 972 3577 Wfflelmi
993 3492 1058 3576 A'S
1078 3526 1101 3574 L
1220 3491 1229 3518 '
1334 3515 1339 3527 ¹

364 3572 516 3634 apponebat,
551 3585 609 3622 cum
644 3585 825 3631 occurrerem
884 3610 894 3639 ⁴
973 3562 982 3624 ἶ
993 3562 1026 3625 ,’
1059 3561 1066 3576 ’
1103 3561 1110 3576 ’
1306 3628 1315 3643 .

364 3647 390 3691 et
410 3641 576 3691 libentissime
603 3641 635 3690 de
663 3641 827 3703 grammatica
849 3683 862 3731 f
891 3612 1042 3732 fagum]
1060 3611 1094 3662 Α·
1112 3611 1141 3662 S·
1160 3611 1196 3662 D·
1213 3612 1246 3662 Ε·
1263 3612 1316 3674 L*

365 3713 493 3762 ariarate
511 3712 544 3760 aa
563 3711 672 3773 logicam
687 3712 826 3773 levitatem,
860 3698 890 3732 ¹²⁰
910 3698 935 3746 θ’
971 3718 979 3732 ·

365 3798 417 3844 qua
434 3783 552 3844 callebat,
562 3781 702 3842 declinans,
712 3795 770 3829 curn
787 3795 826 3828 ar-
883 3773 893 3804 ⁸
907 3775 1049 3835 liebertum,
1066 3789 1135 3838 quem
1151 3789 1184 3823 ex
1201 3773 1316 3823 moerebo

365 3857 540 3915 gumentorum
550 3852 639 3900 subtili
653 3851 773 3912 ligamine
785 3865 824 3898 me
852 3844 1320 3908 Gemmeticensiepueopanmoueoaiae,

364 3923 539 3984 conclusisset,
561 3935 660 3982 semper
681 3921 763 3968 tribus
781 3924 827 3968 aut
850 3921 874 3964 et
883 3916 1151 3987 postarebiepiscopum
1161 3914 1317 3976 Gcatamioe,

365 3997 475 4054 quatuor
493 3992 601 4041 nummis
617 4004 663 4051 per
679 3989 825 4038 ancillulam
850 3983 1005 4051 statuerat]
1035 3985 1130 4033 Robert
1156 3997 1211 4032 was
1239 3984 1315 4033 made

364 4064 510 4123 numeratis,
519 4062 551 4110 ad
558 4061 656 4122 regium
667 4074 735 4120 penu
744 4063 826 4107 nans-
851 4056 1002 4116 archbishop
1013 4055 1042 4103 of
1056 4055 1215 4114 Canterbury
1226 4053 1252 4101 in
1270 4053 1315 4103 the

364 4134 443 4192 misit,
454 4137 479 4180 et
489 4131 610 4180 refectum
621 4128 736 4179 dimisit!
851 4140 914 4186 year
938 4129 1001 4174 1051
1033 4121 1107 4189 (Sex.
1130 4120 1237 4186 Chron.)
1263 4123 1316 4171 and

399 4199 409 4230 2
426 4201 557 4265 Moriens]
575 4199 701 4261 Eadgithe
721 4197 781 4248 died
798 4201 826 4245 at
851 4195 971 4257 expelled
982 4195 1007 4244 in
1018 4195 1061 4245 the
1072 4193 1203 4255 following
1214 4207 1284 4254 year.
1317 4236 1320 4245 .
