2858 4890
171 414 240 461 ure.
258 397 315 477 11.]
403 412 906 462 cusrsnucuunuceonuu.
1057 399 1124 474 355

171 572 227 636 vel
236 573 349 658 jactu,
363 571 420 636 vel
434 572 550 654 abque
570 571 736 636 exercitio
752 578 986 636 attenuarent.
1038 573 1120 656 Ipse

171 692 234 735 rex
259 671 421 749 convivii,
447 671 519 735 ludi
549 670 703 753 signifer,
725 673 832 754 pilam
857 672 1036 754 poposcit:
1064 674 1119 737 in·

171 773 272 836 terim
294 772 459 835 annulum
481 771 723 854 sponsalitium
745 772 855 853 digito
879 779 1022 836 extento
1045 781 1117 838 sta·

171 879 241 936 tuae
276 891 389 948 aereae,
424 889 502 954 quac
537 872 697 954 'proxime
730 873 879 948 astabat,
910 874 1115 953 composuit.

170 972 237 1035 Sed
255 991 333 1036 cum
349 990 437 1054 pene
454 990 572 1034 omnes
587 970 699 1034 solum
714 971 932 1054 impeterent,
948 972 1115 1054 suspirio·

169 1091 240 1150 sus,
264 1072 357 1136 extis
381 1070 679 1149 incalescentibus,
704 1072 835 1152 primus
859 1090 897 1134 se
919 1090 941 1135 a
966 1072 1045 1135 lusu
1060 1093 1114 1136 re-

169 1173 297 1236 movit:
316 1171 482 1235 annulum
495 1178 665 1253 repetens,
678 1170 811 1236 invenit
824 1179 950 1235 statuae
967 1172 1114 1252 digitum

168 1291 277 1353 usque
306 1271 351 1334 ad
380 1271 496 1335 volam
522 1279 714 1335 curvatum.
770 1271 843 1335 Diu
872 1269 921 1335 ibi
948 1271 1113 1350 luctatus,

65 1374 68 1378 ’
167 1371 259 1455 quod
285 1391 349 1434 nec
376 1371 541 1434 annulum
562 1371 697 1454 ejicere,
722 1390 785 1435 nec
809 1371 956 1451 digitum
981 1370 1115 1437 valeret

167 1471 337 1553 fiangere,
353 1471 458 1535 tacite
474 1471 653 1550 discessit3
677 1489 715 1534 re
731 1470 906 1534 sodalibus
929 1470 1053 1547 celata,
1069 1491 1111 1536 ne

167 1571 224 1634 vel
251 1579 458 1653 praesentem
488 1570 651 1648 riderent,
682 1568 739 1634 vel
773 1571 951 1634 absentem
982 1570 1112 1635 annulo

166 1672 353 1753 privarent.
406 1670 465 1733 Ita
494 1677 595 1734 nocte
625 1669 832 1750 intempesta
860 1688 938 1733 cum
972 1670 1111 1734 famulis

166 1770 313 1848 rediens,
339 1769 486 1851 digitum
511 1770 635 1834 iterum
665 1777 857 1846 extentum,
883 1776 919 1834 et
945 1769 1111 1833 annulum

166 1872 378 1953 subreptum,
416 1870 560 1934 miratus
593 1876 658 1933 est.
709 1869 938 1933 Dissimulate
972 1869 1110 1947 damno,

167 1990 266 2034 novae
290 1977 407 2053 nuptae
438 1970 615 2034 blanditiis
647 1968 809 2033 delinitus
838 1976 901 2033 est.
954 1967 1110 2051 Cumque

167 2069 252 2134 hora
267 2063 433 2134 ¹cubandi
448 2071 611 2147 venisset,
633 2088 738 2151 seque
755 2069 862 2153 juxta
879 2087 1023 2132 uxorem
1039 2069 1109 2132 col·

164 2169 323 2248 locasset,
348 2171 457 2234 sensit
486 2170 649 2252 quiddam
674 2168 877 2233 nebulosum
904 2176 940 2233 et
965 2168 1109 2232 densum

166 2271 256 2334 inter
277 2290 315 2334 se
341 2278 377 2334 et
399 2271 495 2334 illam
520 2269 682 2345 volutari,
708 2268 799 2351 quod
828 2276 948 2352 posset
976 2267 1108 2345 sentiri,

166 2390 230 2434 nec
253 2377 371 2452 posset
391 2369 512 2434 videri.
564 2368 645 2434 Hoc
674 2369 853 2433 obstaculo
877 2369 921 2432 ab
945 2368 1109 2450 amplexu

166 2469 372 2552 prohibitus,
395 2489 516 2534 vocem
537 2471 642 2534 etiam
664 2469 809 2545 audivit,
833 2468 996 2531 ‘Mecum
1025 2487 1108 2531 con-

166 2570 299 2647 cumbe,
328 2570 410 2653 quia
437 2569 537 2634 hodie
567 2589 621 2632 me
653 2567 893 2650 desponsasti:
931 2587 997 2649 ego
1031 2586 1110 2631 sum

87 2749 89 2752 Ι
166 2669 301 2748 Venus,
315 2670 415 2755 cujus
434 2669 544 2752 digito
569 2668 763 2752 apposuisti
785 2667 973 2746 annulum;
997 2666 1108 2730 habeo

164 2770 275 2848 illum,
301 2789 364 2834 nec
387 2768 551 2833 reddam!
601 2767 759 2832 Territus
781 2766 840 2830 ille
869 2774 969 2830 tanto
991 2765 1107 2847 prodi·

165 2871 236 2951 gio,
249 2869 335 2934 nihil
355 2868 481 2933 referre
495 2887 600 2933 ausus
617 2874 672 2932 est
686 2887 749 2931 nac
762 2866 895 2948 potuit;
917 2865 1107 2929 insomnem

164 2969 259 3032 illam
279 2976 415 3033 noctem
438 2968 551 3045 duxit,
581 2967 688 3032 tacito
714 2964 846 3052 judicio
876 2984 947 3029 rem
975 2965 1108 3029 exami-

164 3087 263 3132 nans.
314 3069 481 3151 Elapsum
506 3067 618 3132 estin
643 3066 707 3131 hoc
730 3065 876 3130 multum
898 3072 1046 3146 tempus,
1068 3070 1108 3127 ut

165 3187 370 3251 quacunque
394 3168 453 3233 ille
477 3167 562 3233 hora
586 3166 716 3248 gremio
739 3165 845 3230 vellet
874 3163 1031 3247 conjugis
1053 3162 1107 3227 in·

165 3269 334 3346 cumbere,
358 3268 444 3332 illud
466 3267 557 3331 idem
588 3267 733 3331 sentiret
764 3271 800 3328 et
829 3263 985 3342 audiret3
1019 3261 1107 3326 alias

164 3387 248 3432 sane
262 3369 393 3446 valens,
413 3374 448 3432 et
460 3368 554 3432 domi
575 3373 677 3449 aptus
692 3372 728 3429 et
743 3363 887 3428 militiae.
938 3361 1107 3440 Tandem,

164 3469 312 3550 querelis
333 3469 454 3532 uxoris
478 3467 718 3542 commonitus,
739 3484 812 3528 rem
825 3462 1025 3547 parentibus
1047 3461 1107 3525 de·

165 3568 267 3632 tulit:
286 3568 348 3643 illi,
360 3567 478 3632 habito
492 3566 647 3644 consilio,
657 3564 828 3629 Palumbo
839 3563 975 3628 cuidam
984 3562 1108 3626 subur·

164 3668 255 3730 bano
279 3669 480 3751 presbytero
503 3665 679 3748 negotium
701 3664 879 3747 pandunt3
904 3669 979 3727 erat
1001 3663 1031 3725 is
1056 3661 1112 3725 ni··

165 3767 388 3848 geomanticis
408 3767 540 3833 artibus
560 3767 763 3842 instructus
779 3763 933 3845 magicas
956 3761 1109 3824 excitare

163 3866 306 3949 figuras,
329 3865 680 3932 daemonesterritare
705 3871 741 3927 et
766 3863 811 3928 ad
836 3860 1013 3945 quodlibet
1036 3857 1110 3923 offi-

164 3967 255 4032 cium
278 3968 464 4051 impellere.
516 3965 647 4030 Pactus
674 3982 757 4044 ergo
782 3961 912 4043 grande
932 3959 1110 4022 mercimo-

337 4208 345 4238 ¹
359 4209 492 4272 Cubandt‘]
510 4207 544 4259 A.
556 4208 586 4258 S.
600 4208 630 4256 0.
643 4206 677 4257 D.
690 4207 741 4266 E.;
756 4203 901 4266 cumbaudi,
913 4201 944 4251 L.
980 4273 983 4277 ⁸

939 4290 954 4335 2
966 4301 981 4335 a
994 4290 1009 4334 2
