2858 4890
351 385 416 450 260
576 400 689 448 ensrn
713 400 839 450 nucum
864 399 1076 450 suetonum.
1157 383 1244 466 [ure.
1261 400 1304 449 11.

355 556 449 620 lebat
482 556 663 621 alacritate
692 555 863 621 eveheret.
930 555 1061 620 (lassus
1093 556 1193 620 labor
1221 574 1305 619 con·

356 657 514 733 sumitur,
553 664 686 722 mutato
717 677 854 739 quoque
881 655 1043 740 jumento
1077 675 1179 720 casus
1212 655 1304 718 idem

357 758 532 839 sequitur3
564 758 750 834 intellexit,
773 758 855 821 licet
880 759 991 835 tarde,
1013 758 1153 821 brutum
1182 762 1306 838 pectus

358 877 427 939 quo
444 864 642 939 portentum
656 857 742 921 illud
757 858 963 940 respiceret:
985 864 1198 940 quapropter
1212 856 1306 938 quod

359 949 452 1039 ¹ipsa
462 977 531 1021 non
548 958 674 1021 meruit
686 978 748 1040 per
759 958 864 1021 alium
878 957 952 1020 fieri
963 959 1149 1022 consensit.
1194 955 1307 1020 Nam·

358 1048 426 1139 que
451 1057 599 1121 Elferius
624 1057 683 1120 ille
700 1077 801 1139 quem
827 1077 933 1139 supra
954 1057 1092 1140 culpavi
1114 1056 1207 1139 quod
1231 1076 1307 1120 mo·

359 1152 512 1221 nastoria
535 1157 776 1234 destruxisset,
793 1158 998 1221 temeritatis
1020 1155 1193 1239 poenitens
1218 1156 1309 1220 mul·

360 1264 465 1339 toque
485 1258 615 1340 gemitu
637 1258 789 1322 animum
811 1276 955 1340 angens,
980 1277 1078 1322 sacro
1102 1257 1239 1340 corpori
1265 1257 1308 1321 de

360 1359 505 1440 ignobili
529 1359 607 1423 loco
637 1359 753 1423 levato
779 1357 895 1441 justas
923 1365 959 1422 et
984 1357 1142 1441 egregias
1166 1356 1308 1421 inferias

361 1458 454 1541 apud
478 1458 720 1541 scephtoniam
737 1458 858 1538 solvit;
875 1478 944 1523 non
961 1465 1077 1522 tamen
1099 1457 1231 1539 effugit,
1246 1458 1308 1520 sed

361 1566 443 1642 post
478 1578 605 1623 annum
635 1559 810 1625 vermibus
840 1578 927 1642 quos
956 1559 1133 1641 pediculos
1164 1557 1309 1622 dicimus

360 1666 585 1742 consumptus
604 1668 668 1724 est.
721 1659 767 1723 Et
780 1660 942 1742 quoniam
962 1660 1096 1723 animus
1118 1657 1310 1739 indiscipli-

361 1766 465 1824 natus
486 1760 561 1842 ipse
587 1760 654 1824 sibi
677 1767 886 1825 tormentum
915 1767 980 1837 est,
1005 1760 1205 1843 patiturque
1226 1777 1310 1822 suos

361 1861 466 1925 etiam
496 1860 551 1924 hic
581 1880 678 1924 mens
709 1861 816 1925 anxia
851 1879 983 1938 manes,
1014 1859 1146 1924 Elfrida
1175 1857 1219 1922 de
1248 1858 1311 1922 illo

362 1959 472 2042 regali
503 1962 686 2044 supercilio
721 1961 889 2025 inclinata
916 1961 990 2024 dire
1018 1959 1193 2044 poenituit,
1222 1960 1311 2022 adeo

362 2067 401 2124 ut
430 2061 548 2126 multis
578 2062 678 2126 annis
709 2062 801 2144 apud
827 2061 1072 2140 Warewellam
1103 2079 1240 2125 carnem
1274 2059 1312 2123 in

362 2160 494 2225 deliciis
530 2163 696 2227 nutritam
737 2162 848 2226 cilicio
887 2162 1119 2240 convolveret,
1149 2160 1311 2225 noctibus

362 2261 437 2325 solo
453 2268 563 2326 strata
577 2263 652 2326 sine
667 2261 828 2327 cervicali
841 2281 999 2326 somnum
1013 2260 1177 2337 hauriret,
1192 2279 1313 2325 cruces

363 2368 532 2444 practerea
568 2382 791 2446 quascunque
816 2369 935 2445 posset
964 2363 1099 2445 corpori
1133 2360 1313 2425 commini-

364 2481 484 2541 scens3
506 2455 675 2545 ¹speciosa
705 2464 827 2527 mulier
852 2470 888 2526 et
912 2463 1054 2546 pulchre
1078 2462 1153 2526 viro
1183 2462 1312 2540 sobria,

364 2561 424 2625 sed
453 2563 535 2644 quia
566 2570 701 2628 tantum
731 2563 829 2627 nefas
858 2563 1029 2627 commisit
1058 2581 1164 2644 poena
1193 2562 1312 2644 digna.

365 2661 611 2746 Creditumque
635 2672 670 2729 et
685 2663 864 2728 celebriter
877 2662 1070 2745 vulgatum,
1085 2661 1190 2745 quod,
1205 2683 1311 2746 prop-

365 2770 418 2827 ter
441 2763 517 2847 ejus
540 2765 576 2827 in
600 2765 810 2830 Edwardum
833 2763 1064 2842 insolentiam,
1093 2762 1203 2827 multo
1232 2771 1315 2846 post

364 2871 517 2945 tempore
536 2870 612 2929 tota
628 2864 743 2947 patria
764 2864 966 2929 servitutem
987 2863 1220 2929 infremuisset
1234 2863 1315 2927 bar-

363 2965 526 3028 baricam.

416 3065 434 3149 §
465 3065 540 3129 163.
579 3062 682 3127 Certe
715 3065 807 3147 apud
846 3064 1057 3131 Sceftoniam
1095 3065 1314 3148 splendidum

364 3166 469 3247 regiae
497 3164 738 3230 sanctitudinis
774 3165 968 3248 refulgurat
994 3166 1192 3248 speculum;
1227 3186 1314 3248 quo-

365 3264 458 3329 niam
473 3266 566 3329 illius
581 3265 712 3329 meritis
725 3265 913 3348 deputatur
927 3266 1019 3350 quod
1035 3287 1076 3330 eo
1091 3267 1158 3331 loci
1182 3266 1314 3333 multus

365 3365 568 3429 devotarum
584 3365 661 3429 Deo
676 3365 894 3431 foeminarum
915 3367 1052 3444 chorus,
1078 3367 1236 3432 claritate
1259 3388 1314 3431 re-

365 3463 505 3547 ligionis
532 3473 643 3529 terras
664 3465 751 3530 istas
781 3466 963 3545 irradians,
996 3469 1100 3533 etiam
1130 3469 1207 3551 ipsa
1235 3489 1315 3550 per·

365 3558 506 3648 stringit
522 3566 647 3630 sidera.
702 3565 780 3630 Illic
805 3587 913 3632 sacrae
927 3569 1079 3650 virgines
1101 3569 1230 3632 nullius
1253 3589 1313 3651 pe-

365 3664 460 3729 nitus
485 3666 690 3748 corruptelae
720 3668 880 3746 consciae,
906 3669 977 3733 illic
1005 3668 1177 3751 religiosae
1202 3670 1315 3734 conti·

365 3773 487 3830 nentes
516 3774 596 3849 post
627 3767 729 3849 primi
758 3767 850 3832 thori
871 3768 1024 3852 dampna
1052 3770 1193 3834 secundi
1222 3769 1315 3851 iguis

364 3867 515 3947 nesciae3
538 3868 575 3931 in
590 3886 734 3950 quarum
759 3869 912 3932 omnium
935 3870 1086 3934 moribus
1108 3871 1159 3934 ita
1181 3869 1316 3934 facetus

364 3967 476 4049 pudor
490 3987 568 4032 curn
588 3986 709 4032 severa
732 3970 903 4034 consentit
917 3969 1103 4052 elegantia,
1119 3969 1211 4054 quod
1226 3969 1313 4034 nibil

582 4200 591 4232 ¹
610 4197 689 4271 Ipsa]
704 4206 733 4255 C.
747 4205 781 4256 D.
794 4207 843 4268 Ε.;
860 4222 907 4268 per
923 4222 960 4271 se,
971 4207 1005 4258 A.
1018 4208 1047 4259 S.
1059 4209 1090 4259 L.
