2858 4890
133 414 202 460 ma.
219 396 276 477 11.]
350 415 463 462 easrn
487 416 613 463 auouu
638 416 848 465 nuonoauu.
1016 401 1081 465 321

133 569 247 647 famae,
262 577 297 634 et
312 572 422 634 amori
432 591 496 634 suo
510 571 765 648 detrimentum,
781 573 934 653 ingessit.
988 573 1080 637 Sane
1094 592 1164 632 nan
1173 595 1196 632 or

132 690 175 733 ne
199 671 337 734 silentio
362 690 515 753 premam
531 671 623 753 quod
646 671 688 734 de
710 672 940 753 primogenito
958 672 1078 737 Ethel-
1091 643 1240 742 bibisti,

132 770 205 834 redi
237 770 378 834 Elfredo
410 770 610 852 rumigeruli
639 777 820 852 spargunt.
873 771 940 836 Ille
972 743 1213 836 ¹interA'D'mw'

64 892 67 897 ·
131 877 276 935 mertem
307 870 457 933 Haroldi
490 877 526 934 et
555 871 832 952 expectationem
859 870 1078 936 Hardecnuti

131 968 315 1047 fluctuans,
357 989 502 1052 regnum
542 970 732 1050 ingressus
774 972 1077 1052 compatriotarum

130 1069 284 1151 perfidia,
301 1076 337 1133 et
355 1071 507 1132 maxime
526 1067 703 1147 Godwini,
725 1069 910 1132 luminibus
935 1072 1077 1135 orbatus

131 1175 184 1232 est
209 1170 301 1251 apud
324 1167 579 1251 Gillingeham3
602 1169 682 1233 inde
706 1169 750 1231 ad
767 1168 934 1233 Heliense
958 1189 1075 1235 coeno-

128 1268 222 1331 bium
255 1269 419 1345 directus,
448 1269 608 1332 miseram
639 1268 748 1332 vitam
779 1288 891 1351 pauco
920 1276 1075 1352 tempore

128 1386 218 1449 pane
232 1368 361 1432 cibario
372 1369 597 1447 sustentavit;
614 1368 772 1431 omnibus
788 1369 970 1433 comitibus
984 1391 1073 1453 prae-

128 1473 181 1531 ter
215 1468 366 1532 decimos
415 1468 632 1551 decapitatis,
673 1487 755 1530 nam
790 1487 867 1532 sors
905 1468 1073 1533 decimum

127 1586 297 1650 quemque
310 1569 414 1633 morti
430 1574 617 1632 exemerat.
657 1567 759 1645 Haee,
771 1568 853 1649 quia
870 1567 961 1632 sama
976 1571 1072 1645 serit,

128 1686 197 1730 non
215 1667 335 1747 omisi3
364 1669 437 1746 sed,
454 1661 554 1750 ²quia
577 1667 739 1731 chronica
753 1675 858 1746 tacet,
874 1687 936 1750 pro
961 1668 1072 1732 solido

128 1786 197 1830 nen
221 1760 381 1831 ³asserui.
434 1767 515 1831 Hac
539 1767 581 1831 de
604 1786 711 1831 causa
728 1767 987 1844 HardeenutuS,
1012 1767 1071 1830 Li-

127 1867 232 1947 vingo
259 1865 512 1931 cridietunensi
539 1868 715 1950 episcopo,
746 1886 847 1950 quem
873 1867 966 1929 sama
989 1867 1072 1931 facti

127 1973 302 2030 auctorem
325 1968 513 2044 asserebat,
543 1965 710 2043 infensus,
742 1968 839 2030 illum
869 1967 1071 2049 episcopatu

126 2067 273 2148 expulit,
296 2067 356 2129 sed
371 2075 451 2149 post
468 2086 596 2130 annum
610 2066 756 2149 pecunia
778 2073 957 2130 serenatus
972 2068 1072 2130 resti·
1117 2088 1120 2097 ·

127 2167 206 2239 tuit.
258 2165 468 2230 Godwinum
493 2186 630 2249 quoque
655 2167 803 2248 obliquis
833 2167 943 2230 oeulis
965 2167 1070 2229 intui-

126 2272 194 2342 tus,
211 2266 255 2328 ad
271 2277 524 2330 sacramentum
539 2267 757 2348 purgationis
773 2267 950 2349 compulit.
995 2263 1070 2347 Ap·

128 2366 243 2448 posuit
266 2367 325 2430 ille
344 2366 424 2429 fidei
437 2366 565 2450 juratae
588 2367 741 2443 xenium,
765 2373 804 2429 ut
826 2367 974 2447 gratiam
996 2364 1070 2446 ple-

127 2484 207 2528 nam
237 2465 431 2543 redimeret,
464 2465 771 2548 locupletissimum
808 2485 891 2528 sane
927 2471 962 2528 et
994 2466 1071 2546 pul-

125 2564 342 2643 cherrimum,
364 2572 473 2629 ratem
496 2584 581 2628 auro
598 2573 796 2657 rostratam,
812 2565 994 2627 habentem
1013 2584 1071 2629 oe-

127 2665 262 2746 toginta
291 2666 419 2729 milites
451 2665 511 2747 qui
545 2664 710 2728 haberent
744 2664 780 2725 in
816 2662 966 2727 brachiis
1000 2663 1071 2726 sin·

125 2766 216 2848 gulis
238 2766 391 2828 armillas
416 2764 514 2842 duas,
537 2783 815 2845 unamquamque
835 2762 984 2827 sedecim
1007 2782 1070 2825 un-

125 2867 257 2929 ciarum
288 2866 375 2942 auri,
406 2865 443 2927 in
480 2863 652 2947 capitibus
688 2864 840 2926 cassides
872 2864 1069 2939 deauratas,

124 2967 271 3028 securim
301 2964 472 3028 Danicam
505 2964 542 3027 in
581 2964 723 3027 humero
759 2963 912 3040 sinistro,
945 2961 1070 3025 hastile

124 3063 272 3127 ferreum
292 3061 418 3129 dextra
442 3084 545 3128 manu
570 3070 766 3146 gestantes3
795 3069 841 3139 et,
865 3083 908 3126 ne
932 3061 1071 3142 singula

124 3184 331 3241 enumerem,
356 3164 461 3228 armis
484 3165 642 3227 omnihus
664 3164 863 3237 instructos,
884 3161 920 3223 in
945 3162 1070 3242 quibus

123 3263 238 3346 sulgon
272 3284 351 3328 eum
387 3271 519 3327 terrore
555 3270 691 3326 certans
724 3264 788 3325 sub
823 3281 908 3324 auro
939 3260 1068 3324 ferrum

123 3365 306 3429 occuleret.
358 3362 544 3439 Caeterum,
568 3369 607 3426 ut
629 3361 741 3425 dicere
763 3379 948 3442 coeperam,
973 3359 1192 3437 Har-aunuum,

122 3463 292 3528 deenutus
323 3462 537 3527 Gunhildam
565 3481 717 3525 sorerem
751 3480 862 3538 suam,
896 3440 1213 3536 Οιιιιῐοιιίε(ἔῗιιιζῖῗῖιῗῖιῗ.ί

122 3584 167 3627 ex
198 3565 321 3628 Emma
350 3556 488 3639 ⁴filiam,
513 3561 776 3645 spectatissimae
809 3561 937 3643 speciei
970 3539 1199 3680 puel-{hdpi‘r’dffi

122 3670 1074 3685 ——-.----—---————-—-—-——-—
1104 3651 1155 3690 bury
1200 3667 1206 3679 ι

158 3713 165 3743 ¹
178 3716 248 3765 Inter
263 3719 363 3765 mortem
374 3714 502 3778 Humida]
525 3715 578 3763 Aa·
604 3714 714 3762 mention
729 3713 758 3761 oi
772 3713 823 3762 this
840 3712 1003 3772 hanseaticae,
1021 3712 1067 3760 hut

121 3787 226 3848 cording
235 3793 261 3835 to
269 3787 399 3848 Florence,
409 3785 512 3834 Aelfred
519 3784 580 3834 died
604 3784 674 3832 there
685 3798 728 3832 are
741 3787 792 3831 two
803 3783 970 3842 manuscripts
981 3780 1066 3829 which

121 3857 193 3906 Ab.
216 3860 289 3916 1036,
311 3855 491 3916 consequently
512 3855 581 3915 prior
604 3854 682 3902 relate
702 3853 731 3903 it.
761 3852 809 3901 See
826 3851 902 3901 MSS.
923 3852 990 3900 Cett.
1009 3851 1066 3899 Tib.

121 3931 147 3975 to
169 3927 212 3975 the
234 3925 311 3975 death
332 3925 361 3974 ef
381 3925 488 3974 Harold.
533 3925 580 3972 We
606 3924 778 3973 B.1.and1v.
1023 3930 1027 3934 “

123 3996 215 4046 should
225 3995 348 4057 probably
360 3995 422 4044 read
432 3995 440 4022 ‘
450 3994 582 4043 Cnutonis’
640 3990 787 4054 Materna]
807 3990 840 4040 A.
862 3989 890 4039 S.
911 3990 945 4039 D.
966 3989 999 4039 Ε.
1019 3990 1069 4048 L.;

121 4066 160 4115 ior
170 4067 178 4094 ‘
188 4065 316 4114 Haroldi!
607 4063 710 4121 affirmo,
723 4063 752 4111 0.

156 4134 168 4166 ²
191 4135 257 4191 Quia
279 4135 390 4183 chronice
418 4135 501 4197 tecet]
529 4133 582 4181 The
644 4131 781 4194 waiam]
799 4130 832 4180 Α.
845 4129 873 4180 S.
890 4130 919 4180 E.
931 4130 981 4189 L.;
998 4128 1071 4175 omit·

122 4206 221 4270 printed
237 4204 322 4254 Saxon
336 4205 468 4253 Chronicle
487 4205 533 4254 has
551 4219 583 4252 ne
608 4203 651 4252 ted
663 4203 689 4250 in
702 4203 732 4252 C.
745 4202 779 4250 D.

896 4291 922 4336 Y
