2858 4890
138 394 282 474 mnu]
370 410 483 458 casm
507 411 634 459 nucum
657 413 873 462 Aucuouuu.
1022 400 1089 464 299

139 567 190 633 At
205 568 353 632 Edricus
368 589 438 633 uon
453 552 547 633 ultra
563 533 848 635 dissimulandum
871 579 980 649 ratus,
1003 574 1087 656 quin
1120 615 1123 619 -

140 676 233 734 artes
260 688 342 732 suas
367 676 489 752 aperta
510 669 622 734 fronte
644 672 803 748 nudaret,
825 671 869 735 ad
893 671 1087 738 Cuutonem

140 790 219 834 cum
245 769 478 850 quadraginta
502 771 648 833 navibus
673 770 816 836 defecit:
851 773 961 835 omnis
984 767 1086 854 ¹quo·

140 868 501 952 queWest-Saxonia,
517 869 608 933 datis
624 869 800 934 obsidibus
815 878 851 935 et
867 872 983 949 armis,
995 871 1087 936 idem

140 968 234 1033 fecit.
287 968 410 1032 Meroii
424 988 519 1045 vero,
535 963 790 1053 ²saepenumero
813 973 1025 1053 congregati,
1049 991 1087 1036 se

139 1068 184 1132 ad
205 1068 433 1132 resistendum
451 1068 657 1134 offerebant:
681 1071 815 1134 veniret
838 1066 940 1134 modo
961 1091 1035 1150 rex,
1052 1079 1089 1136 et

140 1188 208 1250 quo
226 1168 512 1251 progrediendum
536 1177 629 1234 esset
647 1171 860 1253 praeciperet,
877 1171 1018 1236 duceret
1034 1190 1088 1235 se·

141 1288 218 1331 oum
241 1288 400 1352 proceres
416 1268 619 1346 Loudoniae,
635 1276 776 1353 paratos
794 1289 869 1334 esso
883 1273 1087 1353 sanguinem

141 1387 241 1432 suum
273 1369 395 1450 patriae
427 1369 636 1451 impendere.
688 1369 755 1433 Ille
785 1369 908 1434 solitus
940 1372 1087 1435 salutem

141 1487 240 1531 suam
262 1469 370 1530 muris
396 1469 622 1547 committere,
648 1471 776 1533 nonin
801 1470 935 1535 hostem
963 1491 1087 1535 excur-

142 1587 228 1645 rere,
257 1566 446 1632 Londoniae
471 1569 620 1651 degebat
649 1577 791 1653 propter
820 1570 1025 1652 proditores,
1047 1579 1089 1636 ut

141 1668 268 1745 aiebat,
290 1687 461 1750 nusquam
483 1670 683 1752 procedens
736 1667 838 1733 Alter
851 1669 985 1733 interea
1007 1689 1086 1753 par·

142 1769 235 1832 tibus
264 1769 336 1832 suis
361 1769 464 1843 urbes
490 1775 526 1832 et
546 1769 641 1834 vicos
666 1767 853 1852 applicare,
878 1769 976 1833 nullo
1000 1777 1087 1834 tem·

141 1888 224 1950 pore
238 1867 367 1944 feriari,
379 1869 538 1932 noctibus
553 1870 766 1945 consultare,
783 1870 902 1933 diebus
919 1890 1086 1952 pugnare.

142 1967 357 2044 EdmunduS,
384 1967 443 2031 diu
467 1967 655 2033 deliberato
681 1968 826 2032 consilio
850 1970 887 2032 iu
913 1975 1014 2033 tanta
1035 1990 1089 2033 re·

142 2088 218 2131 rum
234 2068 409 2149 angustia,
427 2069 595 2151 optimum
618 2067 714 2132 sactu
734 2069 922 2133 arbitratus
939 2070 969 2133 si
985 2071 1088 2134 urbes

142 2187 220 2250 quae
247 2168 445 2232 defecerant
465 2167 652 2250 pugnaudo
680 2169 858 2250 reciperet,
874 2170 917 2245 ¹in
942 2168 1089 2232 eundem

138 2286 282 2331 sensum
309 2267 514 2345 Uhtredum,
546 2267 718 2350 quendam
745 2266 1089 2334 Transhumbranum

143 2369 315 2444 comitem,
350 2367 515 2447 adduxit;
552 2374 696 2431 caeteras
729 2368 832 2445 enim,
865 2388 944 2451 quae
976 2369 1089 2434 adhuc

33 2494 37 2501 ·
144 2466 248 2531 dubio
268 2466 387 2531 favore
409 2467 616 2549 pendebant,
640 2466 893 2531 confirmandas
918 2470 1091 2550 putabant

144 2568 174 2630 si
190 2567 233 2630 de
249 2565 495 2631 rebellantibus
513 2585 637 2648 graves
654 2586 776 2649 poenas
790 2575 976 2632 sumerent.
1021 2569 1090 2633 Sed

146 2666 273 2743 Cnuto,
300 2685 370 2729 non
399 2666 523 2730 minori
546 2665 713 2748 praeditus
739 2667 881 2743 astutia,
904 2667 1008 2730 simili
1030 2688 1089 2732 eos

144 2766 283 2848 ingenio
314 2765 558 2845 circumvenit;
591 2785 671 2829 nam
701 2767 948 2835 commendatis
970 2766 1089 2831 West·

146 2864 355 2943 Saxonibus,
369 2873 405 2930 et
422 2864 631 2930 Merciorum
648 2873 748 2948 parte
765 2885 869 2948 quam
883 2865 1089 2949 subjecerat,

145 2965 290 3029 ducibus
313 2967 397 3043 suiS,
411 2967 498 3049 ipse,
519 2967 555 3029 in
570 2964 885 3030 Northanhimbros
902 2965 1089 3048 profectus,

144 3065 410 3148 depopulatione
431 3066 586 3131 locorum
603 3064 796 3129 Uhtredum
821 3065 865 3128 ad
887 3085 952 3129 sua
972 3065 1089 3129 defen-

145 3165 255 3229 sanda
283 3165 393 3229 redire
418 3166 544 3247 coegit.
597 3164 734 3247 Itaque,
760 3164 842 3229 licet
863 3184 901 3228 se
928 3164 1089 3244 dedisset,

144 3265 325 3329 barbarica
353 3264 496 3329 levitate
519 3265 640 3348 jussus
672 3272 726 3329 est
753 3264 921 3348 jugulari.
973 3264 1089 3330 Comi-

143 3372 239 3430 tatus
254 3365 330 3448 ejus
345 3365 448 3429 datus
464 3365 589 3444 Irici03
613 3384 713 3447 quem
729 3372 863 3446 postea,
883 3383 1002 3447 aequas
1024 3367 1091 3430 sibi

143 3472 261 3547 partes
283 3465 535 3540 vendicantem,
562 3463 678 3528 Gnuto
708 3465 753 3527 ab
779 3461 911 3546 Anglia
942 3465 1089 3547 expulit.
1201 3490 1204 3494 ·

147 3565 205 3629 Ita
230 3564 395 3648 mrbjectis
418 3565 588 3642 omnibus,
604 3563 836 3641 Edmundum,
851 3583 913 3647 per
942 3572 1091 3629 semetra

142 3664 364 3746 fugitantem,
395 3685 465 3728 non
496 3665 593 3748 prius
630 3664 791 3747 persequi
820 3665 955 3729 destitit
987 3684 1091 3747 quam

146 3763 361 3828 Londoniam
392 3764 436 3828 ad
464 3771 599 3846 patrem
627 3765 824 3846 pervenisse
853 3771 1090 3846 cognosceret.

145 3864 245 3928 Tunc
270 3884 380 3948 usque
402 3871 483 3947 post
498 3863 636 3928 Pascha
657 3864 801 3946 quievit,
824 3871 865 3928 ut
886 3883 964 3927 cum
982 3864 1091 3927 omni·

138 4137 141 4141 '
181 4132 323 4198 ¹Qrmqar]
346 4133 379 4183 A.
400 4134 428 4183 S.
449 4133 484 4182 D.
503 4133 534 4184 Ε.
556 4132 603 4184 ln:
638 4126 1091 4194 '²Soepenumero.]A.0.D.a.u.·,

144 4205 249 4267 quippe,
265 4206 294 4254 C.
632 4217 735 4252 numero
746 4207 771 4250 et
782 4217 837 4265 spe,
849 4203 877 4253 S.
