2858 4890
76 434 81 442 .
172 401 240 449 nin.
258 384 301 465 1.]
397 399 512 449 casm
539 399 666 448 uncus
691 400 902 448 succorum.
1082 389 1125 453 19

168 557 314 640 perfidia
338 558 501 623 terribilis
520 560 671 644 exempli
693 568 778 625 nota
800 560 947 643 posteris
965 560 1121 628 inurere-

168 664 236 734 tur,
261 658 366 721 avitis
388 658 513 722 finibus
537 679 630 742 aegre
656 661 738 724 licet
760 662 914 738 retentis,
939 682 1116 744 nunquam

166 756 210 820 ad
222 764 406 840 paternum
419 757 596 840 fastigium
611 761 724 842 potuit
739 760 904 843 aspirare.
927 761 1114 842 Caeterum,

166 863 242 921 tota
257 858 333 922 vita
342 858 478 940 integer
501 858 538 922 in
559 859 638 936 fide,
652 859 738 922 nihil
752 860 844 942 quod
859 860 986 925 famam
1008 862 1114 927 laede-

165 963 218 1020 ret
231 957 424 1022 commisit:
448 959 694 1023 monasterium
710 978 847 1043 quoque
861 953 980 1025 ¹extra
996 981 1114 1026 muros

165 1054 380 1134 (lautumiae,
409 1058 502 1139 quod
541 1066 641 1140 pater
668 1057 885 1137 fundaverat,
913 1059 1117 1142 ingentibus·

165 1156 306 1239 praediis
329 1165 365 1221 et
384 1158 604 1240 amplissimis
618 1158 770 1223 donariis
790 1159 1002 1225 illustravit:
1025 1181 1112 1244 quo·

164 1275 242 1320 rum
264 1255 385 1321 laudes
407 1264 442 1320 et
466 1258 590 1323 merita
614 1277 734 1322 omnes
748 1256 857 1340 Angli
880 1260 1053 1341 suspicere
1075 1269 1117 1326 et

163 1356 354 1438 praedicare
367 1357 552 1434 debebunt,
566 1358 658 1440 quod
675 1357 907 1422 Christianam
918 1359 1020 1423 fidem
1041 1361 1112 1424 leni

162 1456 368 1521 credulitate
382 1463 418 1519 et
431 1457 572 1520 credula
584 1458 728 1522 lenitate
742 1456 883 1539 Angliae
900 1459 1114 1523 invalescere

163 1557 392 1638 permiserint.
444 1555 533 1635 Quis
550 1558 641 1621 enim
663 1577 730 1621 non
748 1557 901 1640 jocunde
915 1559 1113 1640 speculetur

162 1663 332 1738 quantum
354 1656 513 1738 aequitati
535 1656 730 1734 conveniat,
751 1663 920 1739 quantum
940 1657 1112 1720 dulcedini

162 1756 325 1820 concinat
339 1775 542 1839 responsum
563 1757 649 1820 illud
670 1757 762 1838 regis
777 1755 996 1833 Ethelbirhti,
1018 1758 1112 1838 quod

162 1875 242 1919 eum
266 1857 386 1938 primae
412 1857 650 1939 praedicationi
663 1854 855 1938 Augustini
876 1849 993 1920 ²Beda
1016 1863 1111 1920 retu·

106 2016 111 2023 .
162 1955 245 2019 lissa
262 1963 381 2021 narrat
393 1957 531 2021 l-non
545 1975 648 2038 posse
663 1975 701 2019 se
718 1975 819 2020 novae
834 1963 939 2019 sectae
954 1963 1025 2019 tam
1041 1957 1112 2021 cito

163 2055 316 2120 animum
336 2055 511 2133 adhibere,
540 2057 669 2120 relictis
695 2056 844 2120 cultibus
868 2074 955 2137 quos
977 2075 1113 2138 semper

163 2155 357 2219 exercuerit
391 2175 469 2219 oum
499 2163 575 2220 tota
600 2153 795 2236 Anglorum
823 2161 946 2237 gente3
985 2175 1112 2219 verun-

162 2261 280 2319 tamen
308 2255 404 2319 nulla
431 2256 511 2319 illos
535 2255 693 2319 molestia
721 2255 989 2330 exacerbandos,
1025 2255 1109 2337 quin

163 2347 297 2437 ⁸potius
311 2355 567 2438 praedicationis
580 2354 749 2436 permissu
764 2362 799 2418 et
813 2354 928 2436 amplo
939 2354 1034 2418 victu
1051 2353 1112 2437 ju·

163 2455 308 2533 vandos,
324 2455 417 2539 quod
436 2463 509 2519 tam
529 2453 670 2536 longam
687 2474 709 2518 a
731 2454 841 2518 natali
863 2454 937 2518 solo
960 2454 1114 2536 peregri·

163 2555 339 2620 nationem
361 2553 575 2636 susceperint
596 2562 636 2618 ut
649 2551 776 2635 Anglis
794 2572 874 2637 quae
895 2553 1027 2636 optima
1048 2573 1115 2634 pu-

163 2657 287 2720 tabant
330 2655 523 2736 indulgenti
561 2653 774 2735 benignitate
809 2652 1112 2719 communicarent.

166 2753 242 2819 Nec
255 2753 346 2819 infra
353 2753 613 2838 promissionem
621 2753 748 2817 factum
758 2753 824 2816 fuit
838 2745 1041 2828 *remissius
1051 2752 1112 2817 do-

165 2874 228 2918 nec
250 2855 378 2919 sensim
402 2855 585 2936 explorata
610 2854 689 2917 fidei
711 2852 857 2917 veritate
879 2863 915 2916 et
938 2851 1012 2933 ipse
1034 2870 1112 2913 cum

165 2954 329 3039 subjectis
368 2973 511 3018 numero
537 2953 689 3017 fidelium
716 2952 867 3015 sociatus
901 2958 965 3014 est.
1019 2948 1113 3028 Quid

165 3055 253 3120 istel
277 3073 392 3118 noune
407 3054 518 3137 primo
532 3061 685 3135 tempore
700 3052 812 3133 magis
827 3048 940 3113 carnis
951 3049 1114 3113 illecebra

166 3174 268 3237 quam
291 3153 399 3218 animi
422 3152 654 3217 obstinatione
683 3152 837 3227 devians,
867 3167 1028 3232 magnam
1060 3155 1114 3212 ta·

165 3272 242 3318 men
272 3254 355 3319 vitae
392 3252 594 3337 pontificum
628 3251 813 3316 exhibebat
846 3249 1114 3326 venerationem,

165 3373 309 3437 quorum
343 3353 542 3436 negligebat
565 3351 692 3415 fidemt
723 3350 882 3433 denique,
902 3360 942 3413 ut
961 3347 1046 3424 dixi,
1070 3348 1114 3411 ob

165 3455 265 3518 unius
279 3453 380 3518 facile
397 3471 584 3517 conversus
601 3450 776 3535 injuriam,
791 3469 918 3531 magno
940 3455 1114 3512 momento

166 3553 437 3619 Christianitatis
452 3547 660 3634 ⁵augmentis
674 3550 751 3616 suit.
783 3546 897 3613 Ambo
905 3540 1115 3630 igitur⁶lau-

165 3652 307 3731 dabiles,
337 3654 439 3717 ambo
466 3649 661 3735 profusiora
689 3649 863 3733 praeconia
890 3647 1035 3724 emeriti,
1070 3646 1117 3710 si-

200 3863 303 3914 ¹Extra
313 3879 396 3913 maros
408 3861 573 3926 Centaurea]
590 3861 627 3910 St.

166 3935 343 3998 Augustine’s

200 4002 401 4068 ²Bedu.‚]lleda
407 4004 452 4052 lib.
461 4013 479 4051 1.
489 4018 511 4052 c.
521 4006 552 4049 25
555 4001 629 4063 ,§.55
1050 4004 1054 4010 ·

202 4072 504 4137 ³Potias.....;]DELM
512 4070 631 4132 etiam,0.
692 4053 1120 4125 ⁰Lauoaatles.]A.reads‘1viri’

204 4142 433 4205 *Ranissius.]A.
444 4142 479 4192 D.
492 4143 525 4194 Ε.
535 4143 566 4192 Ι..
575 4140 632 4201 M.;
658 4137 723 4187 aiter
741 4131 922 4193 ‘laudabiles‘
940 4130 969 4179 S
990 4131 1019 4178 C.
1037 4128 1071 4176 D.
1086 4127 1119 4176 Ε.

172 4214 200 4266 S.
214 4216 244 4268 c.
255 4215 334 4264 omit‘
342 4213 491 4264 remissius!
659 4208 689 4257 L
702 4207 741 4255 M
753 4203 832 4253 omit‘
840 4201 907 4251 viri!
928 4272 969 4316 οἳ
