2858 4890
258 376 262 381 ·
347 356 391 421 80
582 374 696 423 casm
719 374 846 424 ancum
868 376 1083 426 ancnonuu.
1172 356 1260 446 [nra.
1276 383 1300 429 1.

183 548 284 640 ἓιῦιοξόὗ
399 530 477 617 §aa
492 525 647 596 ¹Habuit
658 552 892 597 successorem
907 533 1016 596 filium
1028 533 1210 613 Osredum,
1220 544 1300 601 octo

233 628 239 639 ’
286 627 292 641 ’
346 651 515 696 annorum
545 651 701 718 puerum,
738 633 798 714 qui
837 633 937 695 annis
967 633 1125 696 undecim
1155 628 1299 717 regnum

345 732 558 809 inumbrans
583 740 787 814 turpemque
826 733 936 798 vitam
981 734 1298 799 sanctimonialium

344 833 474 915 stupris
502 833 700 914 exagitans,
737 832 876 895 tandem
905 839 1133 913 cognatorum
1161 834 1298 898 insidiis

344 951 467 1008 caesuS,
482 931 626 995 eandem
641 932 814 995 fortunam
828 931 866 994 in
881 933 977 1014 ipsos
992 932 1130 997 refudit.
1182 934 1299 1017 Siqui-

343 1031 421 1095 dem
435 1026 595 1096 ²Kenred
613 1031 759 1108 duobuS,
775 1037 810 1094 et
829 1024 991 1096 ³0sricus
1012 1033 1172 1096 undecim
1196 1035 1298 1097 annis

342 1138 540 1214 regnantes,
559 1129 624 1195 hoc
638 1138 775 1195 tantum
790 1132 1011 1195 memorabile
1027 1132 1187 1209 habuere,
1202 1134 1296 1216 quod

342 1231 471 1295 domini
495 1231 561 1308 sui,
582 1232 664 1295 licet
679 1231 814 1307 merito,
827 1238 867 1294 ut
882 1232 1064 1312 putabant,
1084 1233 1201 1309 occisi,
1218 1252 1298 1296 san-

341 1332 481 1411 guinem
494 1332 641 1408 luentes,
661 1330 754 1393 foedo
770 1331 868 1394 exitu
881 1350 984 1394 auras
1000 1333 1163 1413 polluere.
1218 1332 1296 1396 Me·

341 1430 412 1494 ruit
422 1450 504 1494 sane
518 1451 587 1514 quo
600 1418 714 1494 laetior
727 1430 837 1493 abiret
847 1429 1001 1508 Osricus,
1013 1433 1240 1514 multumque,
1254 1441 1294 1497 ut

341 1530 482 1611 gentilis
493 1531 555 1607 ait,
571 1531 672 1593 ‘aliis
687 1529 878 1613 jactantior
891 1531 1046 1607 umbris,'
1061 1532 1154 1613 quod
1168 1525 1291 1596 4Chel-

340 1630 483 1694 wulfum
497 1629 652 1694 Kenredi
666 1629 808 1692 fratrem
829 1630 952 1694 vivens
975 1631 1041 1693 sibi
1059 1650 1293 1696 successorem

340 1730 579 1813 adoptaverat.
625 1727 836 1792 Conscendit
857 1730 965 1811 igitur
986 1731 1169 1794 tremulum
1193 1734 1293 1815 regni

339 1830 476 1894 culmen
490 1828 703 1894 chelwulfus
726 1829 770 1891 ab
794 1827 860 1891 Ida
883 1829 1062 1911 septimus
1087 1837 1123 1893 et
1144 1830 1290 1895 idoneus

339 1928 383 1992 ad
408 1937 546 2007 caetera,
573 1935 608 1993 et
631 1929 687 1990 cui
715 1948 784 1992 non
813 1926 932 1993 deerat
959 1928 1138 1993 literarum
1165 1932 1291 2013 peritia

339 2029 411 2092 acri
432 2030 547 2092 animo
562 2035 597 2092 et
611 2028 718 2091 alacri
732 2026 848 2091 studio
862 2037 1073 2111 comparata.
1126 2029 1289 2095 Vadatur

337 2129 507 2192 sermonis
529 2128 596 2192 mei
619 2128 802 2191 veritatem
829 2128 938 2205 Beda,
963 2130 1022 2210 qui
1052 2149 1093 2192 eo
1121 2136 1288 2212 tempore,

338 2248 407 2310 quo
426 2229 577 2292 maxime
596 2227 807 2290 scaturiebat
827 2227 976 2291 literatis
991 2229 1189 2306 Britannia,
1206 2230 1286 2294 huic

336 2329 553 2410 potissimum
573 2322 784 2407 ⁵Anglorum
805 2325 985 2390 historiam
1002 2328 1211 2392 elimandam
1226 2331 1287 2394 ob-

336 2428 429 2504 tulit,
451 2428 583 2509 eligens
604 2427 764 2489 nimirum
788 2425 825 2488 in
848 2426 909 2489 illo
933 2427 1176 2491 auctoritatem
1199 2431 1287 2493 bene

335 2526 430 2591 dicta
453 2526 638 2591 roborandi
664 2531 805 2607 propter
826 2525 1006 2608 imperium
1031 2534 1066 2591 et
1091 2529 1285 2607 scientiam,

335 2646 515 2710 perperam
531 2626 625 2691 dicta
638 2623 843 2688 emendandi
856 2633 997 2708 propter
1011 2627 1200 2708 ingenium.

727 2817 774 2864 DE
795 2816 901 2865 BEDA.

175 2952 300 2994 mevam.
387 2926 405 3011 ᾗ
420 2928 472 2991 54.
495 2919 623 3010 ⁶Cujus
638 2945 730 2990 anno
746 2931 869 3007 quarto
884 2925 974 2988 idem
990 2924 1186 3015 historicus,
1206 2935 1287 3009 post

173 3003 304 3045 ¹²¹³¹⁶⁸⁰⁶⁸'
335 3028 462 3092 multos
474 3028 512 3090 in
523 3033 647 3090 sancta
659 3026 805 3088 ecclesia
819 3025 926 3088 libros
942 3025 1149 3102 elaboratos,
1163 3027 1286 3090 coeles-

369 3264 377 3296 ¹
390 3265 488 3315 Habuit
494 3279 650 3314 mcemorem
653 3265 738 3330 fllium
749 3268 794 3314 0³-
855 3263 865 3293 ⁴
877 3266 1052 3326 Chelwalfam.
1066 3302 1072 3317 .
1086 3301 1093 3316 .
1104 3268 1268 3330 adoptaverat.

333 3337 438 3399 redum]
473 3335 535 3383 This
556 3339 688 3384 statement
706 3350 795 3398 agrees
819 3336 964 3397 According
975 3341 1000 3384 to
1013 3335 1094 3398 Beda,
1103 3336 1159 3402 (lib.
1166 3352 1190 3387 v.
1197 3352 1221 3387 c.
1230 3342 1272 3398 2³,

334 3406 397 3454 with
408 3405 502 3454 Beda’s
518 3405 545 3452 in
555 3405 600 3453 lib.
612 3421 636 3454 v.
648 3420 671 3455 c.
684 3410 730 3465 183
748 3405 795 3455 but
820 3404 944 3455 Gebluulr'
956 3406 1082 3455 ascended
1099 3406 1141 3455 the
1159 3405 1250 3461 throne,
1258 3410 1285 3464 in

333 3474 453 3524 Heddius
459 3474 557 3540 (invita
562 3472 704 3538 svilsridi)
709 3476 795 3524 writes
819 3478 868 3523 ⁷29
875 3490 884 3537 ;
902 3476 948 3523 but
958 3476 1094 3537 according
1104 3480 1130 3523 to
1146 3476 1188 3524 the
1199 3477 1284 3527 Saxon

332 3545 388 3593 that
397 3545 439 3593 the
447 3545 535 3593 throne
542 3544 593 3592 had
600 3545 664 3593 been
672 3545 795 3606 occupied
820 3544 952 3594 Chronicle
963 3545 990 3592 in
1004 3549 1061 3603 ⁷³1,
1080 3545 1131 3594 and
1147 3547 1283 3612 according

332 3614 371 3663 sor
387 3619 439 3663 two
455 3614 554 3663 months
571 3615 606 3675 by
616 3614 734 3663 Eaduuli
751 3616 794 3663 be·
818 3618 845 3661 to
856 3615 949 3664 Matth.
961 3615 1067 3664 Westm.
1079 3615 1106 3662 in
1117 3618 1176 3664 78⁰.

332 3685 385 3734 fore
408 3683 508 3733 Osraed
529 3683 656 3732 ascended
677 3685 706 3733 it.
750 3684 793 3734 He
852 3683 1013 3746 ‘Angloram
1029 3684 1176 3748 historiam]
1194 3684 1284 3735 Histo-

332 3770 387 3805 waa
398 3754 553 3803 slaininthe
564 3767 626 3815 year
636 3756 693 3803 716.
817 3753 856 3801 ria
875 3755 1057 3804 Ecclesiastica
1074 3754 1166 3804 Gentis
1185 3757 1283 3819 Anglo-

366 3821 510 3884 ²Kenred]
541 3823 655 3874 Coenred
673 3837 728 3873 was
750 3823 792 3873 the
817 3837 882 3873 rum.

331 3910 378 3945 son
388 3894 417 3943 of
426 3894 554 3943 Cuthwin.
852 3889 862 3921 ⁶
876 3894 952 3956 Citius
961 3908 1024 3941 anno
1033 3893 1140 3956 quarta]
1152 3893 1283 3944 Inahand

366 3963 492 4012 ⁸0ericas
502 3956 633 4030 ardema]
646 3962 720 4011 Osric
733 3961 793 4010 died
817 3967 1006 4025 contemporary
1022 3963 1085 4012 with
1101 3963 1143 4012 the
1159 3963 1226 4025 Ms,
1248 3965 1280 4018 L.

330 4048 363 4082 on
380 4034 423 4083 the
445 4034 489 4083 ath
509 4033 538 4082 of
556 4033 630 4093 May,
651 4032 722 4082 Α.Ι).
734 4035 791 4082 729.
816 4033 891 4081 reads
909 4048 938 4082 as
956 4048 973 4082 a
991 4037 1059 4095 note,
1077 4033 1171 4082 ‘Anno
1191 4039 1281 4094 quarto

330 4102 426 4168 (Beda,
436 4103 481 4152 lib.
492 4118 517 4153 v.
530 4118 553 4153 c.
564 4099 619 4168 2³.)
656 4102 792 4151 Hewasa
818 4100 1079 4165 OeluulliAnglorum
1090 4104 1169 4165 regis,
1184 4104 1218 4151 ab
1231 4104 1280 4154 Ina

330 4173 534 4225 sonofAlhirib.
816 4173 926 4237 septimi,
936 4173 1086 4225 venerabilis
1094 4173 1167 4223 Beda
1176 4174 1282 4239 presby-
