2858 4890
188 2850 257 2890 Death
267 2851 291 2891 os

188 2903 276 2951 Eadgrm

187 2953 242 2992 AJ).
253 2952 297 2993 97⁵.

352 374 419 439 256
573 389 686 437 onsru
710 388 837 435 nncuu
861 387 1076 436 ANGLORUM.
1160 372 1305 455 [aiau.

353 547 481 610 nullius
502 546 591 610 labis
615 544 802 610 conscium.
855 542 958 622 Quod
980 563 1057 607 cum
1081 563 1159 615 eum
1181 544 1226 608 ad
1251 565 1306 609 re·

353 647 543 711 verentiam
567 647 741 710 debuisset
768 644 956 721 inflectere,
983 643 1027 707 ad
1050 644 1230 708 audaciam
1255 645 1306 709 le-

354 748 472 826 vavit3
504 765 596 823 nam,
620 746 703 828 quia
724 744 867 808 locellus
885 763 987 825 quem
1009 752 1195 826 paraverat
1217 743 1306 808 diffi-

354 845 453 909 cilem
481 865 544 927 pro
579 843 816 927 magnitudine
842 844 995 925 corporis
1026 844 1223 908 minabatur
1250 845 1305 908 in-

353 965 522 1027 gressum,
547 945 682 1026 regales
713 944 858 1008 exuvias
881 942 971 1007 ferro
996 945 1190 1021 temeravit,
1214 945 1306 1008 unde

354 1045 518 1109 continuo
554 1045 697 1126 sanguis
731 1043 886 1107 undatim
925 1043 1076 1107 emicans
1113 1045 1305 1108 astantium

353 1145 458 1208 corda
482 1163 613 1226 pavore
640 1144 825 1209 concussit.
878 1142 937 1207 Ita
960 1143 1092 1224 regium
1116 1163 1242 1226 corpus
1267 1145 1305 1209 in

353 1245 492 1320 scrinio,
515 1245 608 1326 quod
629 1244 696 1327 ipsi
716 1242 870 1307 ecclesiae
894 1242 1100 1320 contulerat,
1122 1263 1227 1326 super
1252 1245 1305 1308 al·

353 1349 428 1407 tare
449 1344 602 1408 locatum
625 1352 678 1409 est
705 1364 783 1408 cum
808 1343 923 1424 capite
942 1342 1055 1407 sancti
1077 1341 1304 1426 Apollinaris,

354 1450 390 1508 et
411 1443 564 1528 reliquiis
588 1444 766 1510 Vincentii
797 1443 971 1526 martyris,
993 1461 1072 1525 quae
1095 1443 1153 1508 ille
1175 1463 1305 1526 magno

353 1552 470 1626 empta
496 1545 611 1609 decori
640 1545 761 1608 domus
792 1544 859 1608 Dei
891 1543 1076 1626 adjecerat.
1139 1543 1304 1609 Temera-

352 1649 463 1707 torem
479 1664 581 1726 porro
597 1645 687 1709 sacri
709 1643 863 1726 corporis
885 1663 968 1706 mox
993 1645 1128 1707 animus
1143 1645 1303 1728 reliquit3

352 1761 415 1806 nec
429 1744 537 1807 multo
552 1752 644 1825 post,
667 1745 813 1808 ecclesia
835 1762 1022 1824 egressum,
1038 1744 1149 1808 fracta
1170 1745 1304 1810 cervice

352 1861 444 1906 mors
457 1843 599 1908 invenit.
652 1844 728 1908 Nec
741 1844 778 1907 in
792 1843 845 1906 his
860 1842 961 1906 baesit
980 1844 1085 1925 regiae
1107 1845 1305 1909 sanctitatis

352 1944 516 2020 ostensio,
545 1944 606 2006 sed
635 1943 672 2007 in
699 1943 865 2006 ulteriora
892 1943 1072 2024 processit,
1101 1952 1227 2009 sanato
1254 1945 1303 2009 ibi

352 2041 483 2105 furioso
499 2049 533 2106 et
550 2061 652 2106 caeco.
706 2037 851 2106 ¹Merito
868 2061 952 2122 ergo
976 2062 1045 2106 nou
1062 2043 1199 2108 infirma
1212 2045 1303 2109 inter

352 2139 488 2223 Anglos
503 2141 596 2204 fama
610 2148 664 2205 est
683 2142 827 2218 nullum,
851 2160 913 2204 nec
936 2141 1012 2224 ejus
1028 2163 1092 2206 nec
1115 2145 1302 2226 superioris

352 2242 468 2305 aetatis
483 2260 598 2323 regem
611 2241 647 2304 in
663 2238 805 2323 Anglia,
825 2247 919 2304 recto
934 2248 969 2303 et
984 2243 1153 2323 aequilibri
1169 2242 1302 2326 judicio

353 2340 493 2421 Edgaro
515 2342 794 2423 comparandum.
847 2339 905 2404 Ita
924 2340 1010 2405 nihil
1023 2343 1095 2406 vita
1108 2342 1184 2426 ejus
1201 2362 1302 2408 sanc-

352 2440 433 2518 tius,
449 2440 534 2504 nibil
545 2441 684 2524 justitia
705 2440 918 2523 probabilius
937 2440 1015 2519 fuit,
1038 2443 1193 2524 exceptis
1208 2443 1303 2508 vitiis

350 2560 429 2622 quae
451 2548 574 2623 postea
605 2540 729 2624 amplis
760 2541 946 2604 virtutibus
972 2541 1121 2621 delevit3
1154 2544 1213 2626 qui
1238 2564 1301 2626 pa-

349 2641 452 2705 triam
476 2660 574 2704 suam
596 2641 764 2723 proeclara
780 2641 981 2704 fortitudine
995 2640 1164 2706 illustrem
1187 2644 1301 2707 reddi·

349 2741 449 2818 derit,
474 2748 510 2805 et
534 2748 838 2823 rerumgestarum
861 2740 1031 2819 claritate,
1048 2750 1084 2806 et
1098 2742 1175 2807 Deo
1191 2743 1300 2806 servi·

349 2842 481 2905 entium
503 2841 779 2923 multiplicitate:
806 2834 904 2923 ²post
917 2849 1062 2906 mortem
1082 2843 1158 2927 ejus
1183 2863 1238 2908 res
1264 2851 1300 2909 et

349 2960 428 3024 spes
444 2940 638 3024 Anglorum
652 2949 745 3006 retro
759 2941 944 3023 sublapsae.

449 3113 497 3181 nn
520 3135 730 3184 nanwuano
753 3134 918 3183 sncuuno
941 3135 985 3180 nr
1008 3135 1197 3183 uunrrrn.

186 3262 335 3306 navarrae
400 3242 510 3325 §lou
536 3242 640 3307 Anno
661 3242 852 3307 Dominicae
875 3241 1123 3306 incarnationis
1144 3262 1299 3325 nongen-

187 3311 275 3362 Martyr,

186 3363 241 3402 A.D.
251 3363 296 3407 ott.

347 3343 470 3406 tesimo
505 3344 759 3426 septuagesimo
796 3343 930 3425 quinto,
972 3342 1163 3406 Edwardus
1207 3342 1298 3407 filius

348 3442 477 3523 Edgari
494 3463 640 3524 regnare
655 3443 773 3525 coepit,
796 3450 831 3506 et
853 3443 963 3505 tribus
986 3442 1087 3506 annis
1107 3449 1142 3506 et
1156 3442 1297 3508 dimidio

346 3548 519 3623 potestate
532 3544 665 3625 potitus
680 3550 744 3606 est.
786 3541 889 3605 Illum
902 3541 1119 3619 Dunstanus,
1134 3549 1168 3606 et
1179 3545 1298 3608 caeteri

346 3641 499 3724 episcopi
513 3643 748 3719 consentanei,
764 3640 874 3723 regali
891 3641 1040 3705 culmine
1055 3642 1296 3722 sublimarunt,

346 3749 468 3806 contra
482 3743 696 3807 voluntatem
713 3741 941 3823 quorundam,
957 3748 996 3805 ut
1015 3742 1124 3818 aiunt,
1148 3743 1297 3825 optima·

609 4073 638 4125 S·
651 4075 681 4125 C·
701 4072 735 4123 D·
753 4074 803 4122 E..
865 4035 876 4070 ²
898 4039 962 4088 Post
989 4044 1090 4088 mortem
1116 4039 1194 4103 eiua]
1224 4041 1296 4106 King

343 4145 463 4207 Namque
474 4160 533 4208 uon,
544 4145 577 4195 A.
590 4145 622 4196 L.
797 4109 804 4134 ’
828 4109 1068 4244 ffi‘ffisswgff
1087 4109 1232 4173 Thuffldll's
1251 4113 1296 4162 &h

380 4072 388 4105 ¹
401 4075 493 4124 Merito
511 4075 591 4137 erga]
