2858 4890
157 414 225 462 nm.
241 396 297 479 11.]
382 413 494 462 casm
519 413 646 461 uncuu
670 414 884 464 succorum.
1043 400 1110 465 285

195 647 241 693 DE
263 646 360 695 VIRIS
384 648 428 694 ET
452 647 609 696 FOEMlNlS
633 648 798 697 GHOREAS
822 649 1064 698 DUCENTIBUS.

210 770 319 854 5174.
343 770 442 853 ‘Ego
458 765 644 836 ¹Otbertus
670 779 844 855 peccator,
862 781 909 850 et,
934 774 965 837 si
985 775 1108 840 vellem
1120 797 1231 849 aragona

107 926 112 933 .
157 871 270 935 celare
295 871 389 953 quod
413 873 450 935 in
470 892 524 936 me
538 872 669 936 factum
691 881 745 937 est
759 873 914 938 divinum
925 874 1108 958 judicium,

157 973 385 1035 membrorum
426 992 579 1037 meorum
625 980 753 1037 tremor
791 976 977 1056 proderet;
1016 977 1108 1058 quod

157 1072 445 1154 quemadmodum
473 1072 604 1137 factum
628 1074 674 1137 sit
693 1074 851 1152 referam,
882 1082 923 1139 ut
950 1078 1108 1142 omnibus

159 1172 353 1238 innotescat
367 1180 500 1256 quanta
519 1174 566 1238 sit
587 1194 692 1256 poena
712 1175 967 1242 inobedientiae.
1020 1178 1108 1243 Era·

160 1293 249 1350 mus,
266 1273 310 1337 ad
325 1274 464 1356 vigilias
479 1273 619 1338 Natalis
634 1275 788 1354 Domini,
803 1276 939 1342 invilla
956 1278 1106 1360 quadam

160 1372 324 1438 Saxoniae
341 1375 400 1438 ubi
414 1382 490 1439 erat
505 1375 651 1440 ecclesia
668 1376 792 1458 Magni
805 1378 987 1460 martyris:
1012 1399 1109 1461 pres·

159 1475 259 1557 byter
275 1477 412 1540 nomine
429 1474 620 1540 Rotbertus
642 1476 782 1540 missam
797 1478 942 1559 primam
967 1478 1108 1544 inchoa-

160 1583 271 1640 verat.
317 1576 393 1658 Ego
424 1577 461 1639 in
490 1578 680 1641 coemiterio
703 1597 780 1640 cum
807 1578 983 1642 sodalibus
1012 1587 1109 1645 octo·

160 1676 283 1754 decim,
305 1677 388 1753 viris
414 1677 620 1759 quindecim,
645 1677 795 1741 foeminis
818 1677 940 1756 tribue,
965 1680 1108 1745 choreas

159 1777 300 1854 ducens,
323 1784 359 1841 et
381 1777 573 1842 cantilenas
604 1777 776 1843 seculares
802 1788 1033 1862 perstrepens,
1058 1782 1109 1846 ita

155 1878 369 1942 sacerdotem
386 1878 612 1961 impediebam
634 1885 674 1942 ut
698 1879 775 1962 ipsa
791 1881 897 1944 verba
912 1888 1032 1946 nostra
1054 1882 1107 1945 in-

159 1985 214 2042 tra
243 1986 466 2043 sacrosancta
488 1979 669 2043 missarum
697 1979 866 2043 solemnia
892 1989 1105 2047 resonarent.

161 2078 345 2158 Quocirca,
377 2079 542 2144 mandato
568 2080 667 2144 nobis
697 2088 738 2143 ut
768 2086 959 2145 taceremus
989 2090 1025 2146 et
1047 2103 1107 2146 ne·

158 2180 286 2262 glecto‚
313 2179 523 2263 imprecatus
561 2186 626 2255 est,
655 2181 784 2258 dicens,
819 2180 999 2248 “Placeat
1030 2183 1107 2248 Deo

159 2288 194 2345 et
217 2288 339 2346 sancto
366 2281 499 2363 Magno
522 2287 561 2345 ut
585 2280 636 2346 ita
665 2289 848 2347 cantantes
876 2285 1107 2366 permaneatis

158 2381 337 2464 usquead
367 2381 538 2446 annum!''
589 2381 709 2447 Verba
736 2383 871 2465 pondus
902 2384 1107 2450 habuerunt.

161 2482 270 2546 Filius
294 2483 486 2565 presbyteri
503 2481 527 2546 J
530 2483 675 2547 ohannis
698 2502 850 2546 sororem
872 2504 970 2548 suam
992 2487 1107 2550 nobis-

159 2602 237 2646 cum
262 2589 460 2647 cantantem
477 2602 539 2666 per
556 2584 733 2646 brachium
749 2584 906 2666 arripuit,
923 2587 1108 2669 statimque

156 2683 243 2746 illud
265 2703 287 2747 a
309 2703 452 2765 corpore
469 2684 609 2762 avulsit,
632 2684 691 2748 sed
715 2690 816 2765 gutta
837 2685 1016 2766 sanguinis
1039 2705 1108 2750 non

159 2785 255 2849 exiit.
308 2783 393 2866 Ipsa
419 2803 557 2866 quoque
586 2791 661 2848 toto
698 2803 790 2848 anno
822 2786 999 2849 nobiscum
1029 2806 1107 2868 per·

158 2885 287 2949 mansit
316 2884 438 2949 choros
464 2886 605 2962 ducenS,
634 2892 669 2949 et
698 2892 863 2950 cantans:
894 2886 1014 2969 pluvia
1038 2907 1108 2951 non

157 2985 283 3050 cecidit
297 3004 401 3068 super
416 3005 500 3066 nos3
525 2985 647 3067 frigus,
665 2979 753 3049 ²non
771 2986 876 3063 calor,
900 3007 963 3051 neo
986 2986 1106 3066 fameS,

158 3105 221 3150 nec
235 3085 324 3162 sitis,
340 3106 403 3150 nec
417 3086 586 3150 lassitudo
604 3106 667 3150 nos
679 3085 813 3167 affecit;
829 3087 1030 3153 indumenta
1043 3108 1107 3153 nec

156 3187 391 3251 calceamenta
422 3194 541 3251 nostra
569 3186 788 3268 attrivimus3
828 3188 887 3252 sed
917 3190 1016 3271 quasi
1046 3209 1106 3254 ve·

158 3289 278 3353 cordes
304 3287 568 3351 cantitabamus
621 3286 777 3350 Primum
803 3288 847 3352 ad
873 3308 997 3370 genua,
1024 3310 1107 3354 mox

158 3390 202 3452 ad
226 3389 369 3466 femora,
395 3396 494 3452 terrae
517 3388 656 3452 dimersi
677 3407 825 3453 sumus..
862 3388 1008 3453 Fabrica
1022 3392 1106 3455 tecti

157 3489 343 3571 aliquando
357 3496 444 3554 nutu
459 3489 535 3552 Dei
549 3508 653 3571 super
666 3509 729 3553 nos
743 3490 952 3572 erigebatur,
975 3498 1013 3556 ut
1027 3492 1105 3575 plu-

158 3591 233 3654 vias
249 3598 392 3656 arceret.
435 3589 602 3666 Tandem,
618 3589 758 3653 evoluto
775 3610 878 3667 anno,
898 3590 1104 3670 Herbertus‚

155 3689 307 3756 civitatis
319 3689 534 3755 Coloniensis
548 3691 743 3773 episcopus,
755 3709 776 3752 a
793 3691 883 3755 nodo
898 3711 966 3773 quo
983 3712 1104 3756 manus

155 3799 285 3856 nostrae
306 3786 506 3874 ligabantur
527 3810 591 3855 nos
621 3790 783 3867 absolvit,
815 3799 850 3855 et
881 3799 962 3857 ante
994 3792 1105 3858 altare

52 3924 57 3933 ·
155 3893 268 3956 sancti
283 3892 407 3974 Magni
424 3893 670 3956 reconciliavit.
713 3891 804 3955 Filia
819 3893 1011 3975 presbyteri
1026 3914 1104 3957 cum

192 4152 200 4185 ¹
216 4149 356 4222 othotam]
374 4155 407 4206 A.
422 4157 452 4206 C.
466 4155 500 4206 D.
518 4156 550 4206 E.
565 4156 597 4205 L.
603 4169 612 4214 ς
683 4150 694 4184 ²
713 4156 791 4222 Nora]
814 4157 844 4205 C.
864 4155 900 4206 D.
918 4156 967 4218 E.;
995 4171 1051 4220 nec,
1071 4157 1104 4208 A.

155 4225 328 4288 athelbertus,
339 4226 368 4277 S.
649 4226 678 4277 S.
687 4227 718 4277 1..
