2858 4890
327 377 392 442 170
547 391 661 440 essm
685 392 812 440 ancuu
836 392 1051 440 suenorum
1136 378 1223 459 [nm.
1241 394 1280 441 11.

328 550 454 633 Itaque
476 549 513 614 in
538 551 748 616 monasterio
775 551 937 628 locatam,
963 572 1032 633 quo
1061 551 1169 616 vitam
1192 572 1279 635 opu·

326 650 436 714 lenter
453 652 645 733 transigere
659 660 790 735 posset,
807 645 895 715 ¹non
910 652 1020 716 multo
1043 659 1123 735 post
1146 653 1279 735 depulit

327 752 440 833 stupri
463 771 568 818 ream.
621 751 741 836 Hujus
765 752 985 834 malignitate
1010 753 1173 834 perculsi,
1188 752 1278 816 Sax-

327 870 411 914 ones
443 850 618 916 decretum
646 853 739 933 quod
768 852 842 916 dixi
871 853 1110 935 protulerunt3
1150 853 1211 916 sed
1243 853 1279 916 id

328 949 557 1015 Ethelwulfus
582 953 799 1034 benignitate
818 971 883 1015 sua
899 951 1096 1016 infirmavit.
1150 951 1278 1016 Paucis

164 1060 315 1154 pffiheluulr’·
327 1070 411 1115 vero
426 1059 508 1115 ante
519 1059 664 1117 mortem
676 1053 851 1117 mensibus
864 1045 1127 1116 ²testamentum
1139 1051 1233 1130 fecit,
1241 1053 1278 1115 in

209 1143 214 1154 ’
327 1170 410 1232 quo,
432 1159 512 1235 post
535 1152 738 1218 divisionem
751 1153 850 1234 regni
871 1153 962 1216 inter
977 1152 1220 1216 Ethelbaldum
1242 1161 1279 1217 et

328 1251 583 1316 Ethelbirhtum
607 1252 709 1332 filios
736 1253 817 1316 filiae
839 1271 977 1335 quoque
1010 1252 1126 1317 dotem
1160 1271 1278 1317 eman-

327 1352 478 1434 cipavit3
501 1372 705 1436 semperque
721 1354 766 1417 ad
783 1352 886 1416 finem
902 1352 1009 1416 seculi
1023 1353 1061 1417 in
1078 1345 1190 1417 ³omni
1203 1372 1277 1417 suae

327 1451 541 1516 haereditatis
563 1454 696 1517 decima
717 1452 799 1516 hida
821 1472 1006 1535 pauperem
1025 1454 1147 1523 vestiri
1170 1461 1205 1517 et
1229 1455 1277 1516 ci-

326 1551 402 1615 bari
416 1554 595 1635 praecepit,
609 1555 771 1635 omnique
786 1571 878 1616 anno
895 1559 1067 1617 trecentas
1083 1554 1159 1618 auri
1179 1573 1277 1617 man·

326 1671 386 1716 cas
406 1652 555 1717 Romam
582 1653 687 1730 mitti,
709 1673 855 1735 quarum
881 1660 1018 1716 centum
1043 1655 1146 1717 beato
1170 1653 1277 1717 Petro

326 1759 362 1815 et
392 1761 529 1818 centum
557 1753 661 1817 beato
692 1752 804 1817 Paulo
837 1751 881 1815 ad
912 1752 1109 1830 luminaria,
1138 1760 1276 1818 centum

326 1848 519 1934 apostolico
546 1853 590 1917 ad
616 1853 772 1930 donaria,
789 1851 1077 1935 expenderentur.
1131 1853 1278 1917 Biennio

326 1972 410 2034 ergo
427 1961 612 2036 postquam
632 1974 653 2018 a
668 1954 782 2019 Roma
796 1960 940 2017 venerat
955 1954 1180 2036 supervivens
1200 1946 1278 2017 4de·

325 2051 494 2134 fungitur,
524 2061 560 2117 et
583 2054 774 2119 Wintoniae
802 2054 839 2116 in
866 2054 1069 2136 episcopatu
1098 2054 1274 2136 sepelitur.

325 2152 403 2234 Ego
417 2173 513 2231 vero,
526 2161 567 2217 ut
589 2153 633 2218 ad
657 2155 780 2219 seriem
795 2153 1008 2236 postliminio
1030 2161 1197 2231 revertar,
1216 2174 1278 2237 ap-

324 2271 458 2342 ponam
469 2248 653 2335 ⁵scriptum
676 2252 848 2319 libertatis
866 2253 1089 2318 ecclesiarum
1104 2255 1197 2336 quod
1212 2256 1278 2319 toti

325 2354 497 2417 concessit
514 2351 666 2436 Angliae.

164 2471 205 2512 rm
221 2472 310 2520 aaran,
361 2451 464 2536 §114
485 2454 692 2536 ‘Regnante
703 2452 855 2517 Domino
869 2460 988 2517 nostro
1004 2453 1041 2517 in
1054 2461 1276 2537 perpetuum3

163 2523 272 2565 “²⁸⁵5
324 2551 406 2617 dum
430 2555 466 2617 in
487 2556 616 2618 nostris
629 2554 840 2638 temporibus
854 2554 1023 2618 bellorum
1045 2553 1216 2632 incendia,
1242 2564 1278 2621 et
1345 2558 1353 2573 ”

324 2653 535 2737 direptiones
557 2676 662 2738 opum
687 2661 898 2732 nostrarum,
924 2673 1058 2718 necnon
1086 2661 1121 2718 et
1135 2663 1278 2719 vastan-

360 2812 369 2846 ¹
381 2817 439 2865 Non
449 2819 524 2866 multo
533 2821 589 2884 post
599 2817 693 2882 depulit
706 2816 788 2880 stupri
852 2813 863 2842 ³
877 2815 1003 2878 Scriptum
1024 2815 1148 2864 libertatis
1164 2809 1280 2864 'erebriu-

322 2882 413 2955 ream.]
432 2886 565 2949 Ebdburh,
582 2889 658 2951 being
672 2887 788 2937 detected
813 2886 889 2951 rum]
901 2885 1057 2934 Aetheluulf
1063 2885 1084 2934 ’s
1096 2890 1169 2947 grant
1180 2887 1202 2934 is
1214 2886 1279 2935 like·

323 2958 350 3005 in
361 2957 404 3006 the
422 2958 487 3020 gnilt
498 2958 526 3007 of
538 2959 714 3020 incontinency
724 2958 788 3006 with
813 2957 877 3004 wise
889 2960 915 3004 to
923 2956 954 3004 be
966 2955 1045 3004 found
1057 2957 1083 3004 in
1094 2956 1216 3019 Ingulph,
1227 2958 1279 3005 and

324 3042 393 3076 some
412 3043 459 3078 one
478 3029 614 3091 belonging
631 3033 657 3078 to
676 3029 719 3078 the
736 3043 788 3076 mo·
813 3025 914 3075 isthere
921 3026 999 3074 dated
1009 3027 1055 3074 trd
1064 3027 1130 3076 Nov.
1139 3027 1227 3075 indict.
1236 3040 1278 3078 111.

324 3093 426 3158 nastery
437 3098 466 3146 oi
473 3098 558 3147 which
570 3100 614 3148 she
621 3113 677 3148 was
689 3100 789 3160 abbess,
814 3095 884 3146 Aa).
897 3101 955 3145 856.
990 3095 1044 3145 The
1056 3109 1129 3146 sense
1141 3111 1222 3146 seems
1234 3097 1278 3147 de·

324 3181 379 3216 was
401 3168 523 3229 deprived
544 3170 580 3231 by
597 3170 789 3231 Charlemagne,
814 3165 1008 3215 sectiveinboth
1019 3167 1062 3215 the
1074 3167 1169 3230 copies,
1180 3168 1279 3230 astbey

325 3238 376 3286 and
387 3238 484 3286 diedin
504 3254 520 3287 a
536 3240 670 3289 miserable
682 3244 746 3289 state
763 3240 789 3287 in
814 3251 910 3297 appear
929 3237 956 3285 in
974 3237 1150 3299 Malrnesbury
1167 3239 1219 3286 and
1234 3239 1279 3286 In-

325 3308 418 3370 Pavia,
434 3309 519 3357 where
538 3309 583 3358 she
601 3325 656 3359 was
679 3324 738 3359 seen
755 3311 790 3371 by
815 3307 903 3368 gulph.
952 3306 1077 3368 Compare
1108 3308 1150 3356 the
1179 3308 1279 3358 charter

324 3392 401 3440 many
411 3378 474 3426 with
485 3379 570 3427 whom
577 3380 659 3429 Asser
669 3379 719 3428 had
732 3395 789 3429 con·
814 3376 892 3426 dated
910 3393 942 3426 on
954 3377 1046 3426 Easter
1061 3377 1122 3440 day,
1137 3378 1208 3428 A.D.
1220 3382 1277 3429 854.

324 3449 416 3498 versed
432 3449 544 3512 begging
563 3465 580 3498 a
594 3451 665 3512 daily
683 3451 790 3500 subsist·
814 3446 874 3513 (See
885 3463 911 3510 p.
926 3451 984 3508 lul,
1003 3452 1060 3496 note
1076 3445 1096 3511 ⁵,
1114 3449 1165 3496 and
1182 3464 1206 3509 p.
1222 3452 1279 3512 172,

324 3533 395 3570 ence.
816 3522 874 3567 note
904 3514 922 3567 ¹.
969 3518 1082 3580 Ingulph
1111 3519 1207 3581 writes,
1235 3534 1279 3568 ne·

813 3587 962 3650 vertheless,
972 3587 1002 3636 ol
1014 3588 1066 3637 this
1084 3592 1157 3650 grant
1172 3602 1201 3637 as
1218 3588 1280 3637 hav·

813 3658 857 3721 ing
868 3659 932 3709 been
941 3658 1016 3707 made
1027 3658 1092 3707 after
1101 3658 1278 3709 Aethelunli's

360 3775 488 3842 20...
512 3779 548 3828 υ.
566 3779 599 3828 ..
813 3729 1203 3849 usstandand

324 3847 358 3896 Α·
371 3848 400 3898 S·
414 3850 444 3898 ⁰·
453 3847 484 3898 L·
812 3869 838 3916 It
849 3883 904 3918 was
923 3868 1046 3930 probably
1065 3870 1125 3932 only
1142 3869 1279 3919 confirmed

359 3929 555 4003 ⁴Desuagitar.]
567 3935 720 3984 Aetheluuli
728 3936 787 3984 died
812 3939 880 3988 then.
916 3938 996 3987 Aeser
1006 3941 1129 3990 mentions
1144 3940 1187 3988 the
1204 3945 1279 4002 grant

323 4004 394 4056 A.D.
412 4009 469 4054 858.
505 4004 586 4071 (Anu.
602 4006 700 4056 Bertin.
719 4006 787 4054 Bou·
811 4009 840 4056 of
848 4009 924 4058 tithes
940 4009 1023 4058 under
1040 4009 1082 4059 the
1092 4025 1155 4072 year
1165 4014 1224 4072 855,
1234 4013 1279 4060 be-

323 4080 393 4137 quet,
416 4086 464 4124 vu.
487 4079 535 4135 ⁷³3
561 4076 623 4125 Sim.
649 4075 786 4137 Dunelm.;
811 4078 864 4128 fore
886 4079 929 4127 the
951 4079 1015 4141 king
1036 4086 1105 4129 went
1131 4086 1157 4129 to
1180 4080 1278 4144 Rome;

324 4145 374 4192 and
393 4145 486 4194 Chron.
506 4145 538 4193 de
557 4143 687 4210 Mailros.)
727 4146 785 4195 lath
811 4149 896 4197 which
915 4164 1005 4212 agrees
1023 4151 1087 4199 with
1105 4151 1215 4213 Simeon,
1235 4152 1277 4202 the

322 4216 399 4275 Jan.;
410 4216 437 4263 in
446 4229 514 4266 some
521 4216 681 4268 msssune.
705 4215 784 4283 (Flor.
811 4219 944 4268 Chronicle
962 4219 988 4269 oi
1006 4221 1127 4285 Melrose,
1138 4222 1189 4271 and
1206 4223 1278 4272 other

322 4281 451 4348 Wigom.)
811 4290 971 4341 authorities.

359 3608 370 3640 2
383 3613 561 3662 Testamentum
573 3607 662 3682 fecit]
681 3613 729 3664 See
746 3629 789 3663 an·

324 3686 376 3745 tea,
386 3698 413 3744 p.
427 3687 484 3746 152,
493 3688 552 3733 note
564 3681 582 3733 ¹.
