2858 4890
143 401 212 448 urs.
228 383 285 465 11.]
368 399 483 447 ossrn
505 399 632 448 eneuu
657 400 874 453 succorum.
1028 392 1094 459 245

141 562 279 626 tenensi
305 561 467 644 episcopo
490 562 733 642 permittimus,
784 563 829 626 In
849 563 990 629 Pascha
1006 586 1093 648 quo·

141 681 208 744 que
231 662 357 725 crisma
373 661 656 726 sanctificationis
672 668 707 725 et
723 663 836 727 oleum
854 683 875 726 a
892 665 1092 731 Fontanen·

141 762 172 825 si
194 762 357 844 episcopo
385 781 429 825 ex
458 782 553 825 more
582 763 741 844 accipiat,
765 771 802 827 et
829 783 891 846 per
922 766 1088 848 praefatas

140 862 303 925 ecclesias
329 879 411 924 suas
441 861 638 925 distribuat.
702 861 783 925 Hoc
809 883 892 928 vero
916 866 1090 948 praecipue

140 961 208 1025 Dei
235 961 475 1025 interdictione
506 968 542 1023 et
579 968 699 1024 nostra
735 963 955 1042 auctoritate,
991 965 1092 1031 salva

140 1068 256 1125 tamen
278 1068 408 1124 sanctae
425 1059 594 1123 Romanae
617 1061 771 1125 ecclesiae
794 1070 829 1126 et
845 1063 1088 1129 Dorobernen·

138 1162 186 1224 sis
208 1160 391 1244 dignitate,
413 1158 578 1241 prohibeo
604 1180 647 1223 ne
670 1180 819 1243 persona
840 1163 1093 1248 cujuscumque

138 1261 334 1343 potestatis
363 1261 438 1324 sive
468 1280 543 1337 rex,
573 1260 647 1324 sive
673 1262 866 1344 episcopus
896 1265 970 1328 sive
1001 1265 1086 1343 dux,

137 1367 199 1425 aut
222 1361 396 1443 princepe,
421 1359 477 1423 vel
501 1359 645 1441 quilibet
669 1361 904 1425 ministrorum
932 1384 1087 1429 meorum

138 1459 332 1525 Glastoniee
362 1460 526 1524 terminos
551 1459 607 1524 vel
630 1460 906 1542 supradictarum
927 1464 1086 1545 parochi-

138 1579 248 1638 arum,
276 1559 528 1642 perscrutandi,
552 1559 720 1642 rapiendi,
745 1561 934 1643 placitandi
961 1565 1086 1646 gratia,

138 1660 194 1723 vel
217 1660 346 1743 aliquid
362 1659 455 1723 aliud
473 1658 620 1723 faciendi
636 1660 727 1742 quod
750 1663 960 1727 contrarium
975 1666 1086 1746 possit

137 1779 212 1824 esse
224 1761 350 1823 ibidem
365 1760 441 1824 Deo
458 1759 699 1837 servientibus
721 1759 851 1825 intrare
873 1773 1083 1846 praesumat3

137 1860 255 1933 abbati
289 1860 527 1924 tantummodo
558 1867 593 1922 et
621 1862 806 1924 conventui
835 1869 991 1944 potestas
1024 1866 1083 1942 sit,

137 1961 261 2024 tamin
280 1960 372 2024 notis
395 1960 510 2023 causis
533 1977 637 2042 quam
663 1961 700 2023 in
720 1959 860 2042 ignotis,
882 1964 919 2027 in
941 1964 1083 2029 modicis

135 2067 170 2123 et
186 2060 223 2123 in
238 2060 387 2142 magnis,
411 2066 447 2124 et
469 2060 627 2123 omnibus
651 2061 790 2124 omnino
813 2063 974 2143 negotiis,
993 2064 1084 2129 sicut

133 2178 240 2242 supra
254 2160 530 2224 memoravimus.
582 2158 749 2242 Quisquis
768 2167 884 2225 autem
899 2161 1002 2246 hujus
1016 2165 1084 2229 mei
1174 2159 1183 2175 ⁸

134 2259 307 2342 privilegii
330 2258 534 2341 dignitatem
561 2259 715 2341 qualibet
743 2262 936 2340 occasione,
966 2263 1082 2347 cujus·

135 2379 281 2441 cumque
304 2359 497 2440 dignitatis,
523 2358 770 2442 cujuscumque
798 2362 939 2438 ordiuiS,
966 2363 1082 2446 cujus-

135 2479 283 2542 cumque
310 2458 545 2541 professionis,
575 2468 772 2541 pervertere
797 2462 854 2525 vel
880 2462 917 2524 in
946 2460 1082 2528 irritum

133 2559 300 2623 deducere
319 2557 490 2640 sacrilega
504 2559 770 2640 praesumptione
786 2559 910 2624 amodo
924 2567 1082 2627 tentave-

132 2659 190 2736 rit,
212 2660 301 2723 sciat
321 2678 359 2723 se
377 2656 603 2741 proculdubio
623 2664 705 2720 ante
723 2657 917 2725 districtum
929 2659 1082 2743 judicem

133 2760 340 2824 titubantem
367 2757 696 2840 tremebundumque
723 2757 891 2822 rationem
927 2760 1081 2824 redditu·
1119 2791 1124 2802 =

133 2879 221 2937 rum,
250 2859 318 2922 nisi
345 2858 441 2941 prius
483 2857 589 2938 digna
626 2856 864 2921 satisfactione
899 2859 1081 2925 emendare

99 2959 326 3023 'studuerit’
378 2957 482 3022 Hanc
507 2956 679 3039 privilegii
703 2957 868 3040 paginam
894 2959 1080 3041 praedictus
1152 3003 1156 3011 -

132 3080 195 3123 rex
211 3059 405 3141 Eadgarus,
424 3056 626 3122 duodecimo
650 3076 743 3122 anno
767 3057 866 3139 regni
890 3059 957 3135 sui,
979 3078 1079 3125 sacro

131 3160 259 3242 scripto
287 3158 379 3242 apud
407 3157 623 3222 Londoniam
652 3157 824 3220 communi
848 3158 991 3222 consilio
1017 3180 1079 3242 op-

129 3261 287 3324 timatum
313 3278 454 3322 suorum
476 3255 703 3321 confirmavit.
754 3256 953 3341 Eodemque
975 3278 1079 3338 anuo,

130 3361 191 3442 qui
205 3360 271 3423 fuit
286 3353 583 3440 ¹nongentesimus
597 3356 835 3439 sexagesimus
852 3358 994 3440 quintus
1004 3359 1077 3422 Βο-Ι

128 3460 264 3523 minicae
288 3457 546 3534 incarnationis,
571 3456 756 3521 indictione
782 3465 907 3539 quarta
932 3457 1077 3536 decima,

128 3578 221 3642 papa
237 3552 277 3622 ²1
280 3557 433 3623 ohannes
457 3558 546 3620 hanc
568 3557 679 3638 ipsam
706 3557 871 3638 paginam
895 3556 1018 3623 Romae
1041 3559 1077 3622 in

129 3659 283 3742 generali
297 3658 431 3742 synodo
455 3656 694 3732 auctorizavit,
707 3664 918 3739 cunctosque
932 3657 1076 3740 potioris

162 3913 171 3944 ¹
197 3911 400 3976 Nougenteeimm
421 3909 588 3972 sexagesimus
612 3908 654 3956 the
681 3906 781 3957 twelfth
808 3920 870 3971 year
896 3905 926 3954 of
950 3906 1075 3968 Eadger's

125 3987 225 4051 quintam
246 3981 382 4032 Dominicoe
403 3979 589 4038 ineamctioais,
612 3979 693 4039 reign.

125 4056 256 4106 indictione
275 4056 363 4117 quarto
384 4050 498 4114 decima]
517 4048 588 4099 Am.
647 4044 813 4109 mosoma]
833 4045 902 4096 John
921 4045 1000 4095 XIII.
1017 4060 1075 4106 pre·

125 4132 172 4177 971
192 4123 358 4184 corresponds
374 4121 438 4170 with
457 4122 500 4170 the
517 4119 588 4170 four·
613 4117 685 4166 sided
703 4115 767 4165 from
784 4117 826 4165 the
842 4131 904 4178 year
921 4119 969 4164 965
988 4119 1014 4164 to
1031 4115 1074 4165 the

123 4197 208 4248 teenth
234 4193 366 4256 indiction,
387 4207 417 4242 aa
445 4192 500 4243 also
527 4190 588 4242 with
614 4187 657 4236 5th
668 4187 698 4236 of
705 4187 852 4250 September
863 4186 932 4236 AJ).
944 4189 1002 4236 9⁷2.
