2858 4890
180 391 323 473 marn]
405 407 519 456 cnsru
543 407 670 457 nnouu
694 408 907 458 uucnonuu.
1064 393 1131 458 369

179 566 278 645 biles,
289 561 381 630 ¹tum
398 567 549 631 maxime
566 567 740 632 orationes
754 568 975 631 foeminarum
992 576 1027 634 et
1044 590 1127 653 pue-

177 685 294 730 rorum
310 666 424 732 vicino
443 675 478 733 et
494 667 657 750 contiguo
675 668 798 732 auxilii
815 669 902 753 pede
919 669 1108 751 attingunt.

228 766 339 850 §ala
365 769 490 832 Frater
512 767 673 832 Wulferii
695 761 958 846 ²MerewalduS,
989 788 1034 832 ex
1061 771 1125 834 Er.
1136 783 1168 873 ἐξ
1182 781 1231 822 un-

179 868 367 949 mffllbefga
400 868 472 931 filia
505 868 706 932 Ermenredi
744 868 862 932 fratris
896 869 1123 949 Ercomberti,
1162 834 1213 874 Μ

177 967 258 1032 tulit
275 960 617 1044 ³filias,Mi1dritham
634 975 670 1032 et
685 968 909 1050 Milburgam.
943 969 1124 1035 Mildritha

175 1058 229 1128 4in
255 1067 391 1132 Taneto
417 1068 532 1132 insula
552 1067 699 1143 Cantiae,
722 1087 826 1150 quam
852 1069 954 1132 matri
983 1089 1056 1132 suae
1085 1072 1122 1135 in

175 1166 381 1231 solutionem
416 1169 510 1231 necis
533 1168 679 1232 fratrum
704 1188 858 1245 suorum,
887 1168 1065 1233 Ethelredi
1087 1179 1122 1234 et

177 1265 382 1347 Egelbirthi,
398 1268 542 1331 dederat
558 1288 622 1332 rex
634 1268 821 1350 Egbertus,
838 1269 1017 1332 coelibatui
1034 1269 1120 1334 dans

177 1384 329 1449 operam,
345 1368 472 1431 ibidem
489 1370 572 1433 vitae
597 1375 725 1431 metam
748 1368 904 1432 incurrit.
956 1368 1121 1450 Sequenti

176 1473 341 1548 tempore,
359 1468 403 1531 ad
421 1467 616 1532 coenobium
631 1469 743 1531 sancti
760 1465 951 1550 Augustini
968 1467 1122 1532 Cantua-

175 1565 261 1629 riam
288 1568 472 1645 translata,
501 1569 629 1631 eximia
656 1568 901 1632 monachorum
935 1568 1121 1632 sedulitate

173 1664 375 1745 honoratur,
394 1669 534 1750 pietatis
551 1668 644 1732 fama
670 1677 705 1732 et
727 1668 918 1731 dulcedinis
935 1666 1042 1750 juxta
1059 1689 1120 1733 vo-

173 1766 333 1830 cabulum
367 1767 530 1831 suumin
565 1775 707 1832 cunctos
740 1788 840 1850 aeque
874 1768 1118 1850 praedicabilis.

173 1865 220 1930 Et
252 1869 412 1949 quamvis
442 1868 491 1932 ibi
532 1888 620 1950 pene
660 1888 779 1932 omnes
818 1869 1019 1932 monasterii
1057 1888 1119 1932 an-

173 1964 304 2031 fractus
340 1968 434 2050 pleni
468 1969 539 2031 sint
576 1975 775 2032 sanctorum
802 1969 1018 2052 corporibus,
1054 1988 1118 2032 nec

171 2084 290 2130 eorum
317 2069 418 2152 parvi
443 2068 592 2132 nominis
627 2075 687 2131 aut
721 2068 847 2144 meriti,
875 2068 936 2131 sed
971 2088 1116 2150 quorum

169 2166 311 2248 singula
326 2188 389 2250 per
415 2188 452 2232 se
472 2175 617 2251 possent
632 2168 807 2231 illustrare
825 2165 1004 2249 Angliam,
1021 2167 1116 2231 nullo

171 2272 288 2330 tamen
304 2269 366 2332 illa
383 2268 509 2332 colitur
524 2267 680 2345 inferius,
698 2268 903 2350 quinimmo
925 2275 1062 2331 amatur
1081 2275 1117 2332 et

171 2375 457 2432 commemoratur
484 2368 631 2432 dulcius.
683 2366 796 2432 Adest
820 2368 882 2432 illa
907 2387 945 2431 se
972 2368 1118 2449 diligen-

170 2467 276 2546 tibus,
293 2469 407 2532 nullos
427 2469 533 2532 surda
551 2468 724 2532 transiens
750 2488 846 2546 aure,
863 2468 969 2532 saluti
992 2487 1117 2532 consu-

169 2565 245 2631 lens
262 2570 398 2633 animae.

212 2668 313 2752 5216.
324 2663 518 2752 ⁵Milburga
529 2669 623 2752 apud
633 2668 801 2734 Weneloc
810 2669 1016 2752 requiescit3
1032 2669 1115 2732 olim
1129 2691 1279 2744 saurim..

169 2767 213 2832 ab
231 2770 358 2834 accolis
381 2777 477 2847 nota,
497 2770 558 2834 sed
580 2777 661 2852 post
688 2770 875 2834 adventum
894 2768 1115 2833 Normanno-

168 2887 257 2946 rum,
280 2870 363 2933 dum
385 2871 539 2934 nescitur
566 2868 664 2933 locus
693 2868 880 2952 septdchri,
911 2869 1115 2950 aliquandiu

169 2968 334 3034 oblivioni
362 2971 470 3034 data:
501 2988 612 3051 nuper
640 2990 737 3047 vero,
771 2970 925 3033 adunato
954 2969 1002 3031 ibi
1034 2988 1116 3032 con-

168 3076 275 3133 ventu
297 3070 543 3134 monachorum
562 3068 853 3146 Cluniacensium,
878 3069 972 3145 dum,
996 3068 1114 3132 incho-

168 3175 228 3232 ata
244 3170 327 3234 novi
343 3169 464 3254 templi
480 3169 653 3246 machina,
671 3170 811 3252 quidam
835 3188 921 3253 puer
938 3187 1000 3251 per
1018 3169 1114 3251 pavi-

167 3276 320 3333 mentum
343 3271 551 3335 concitatius
573 3270 770 3346 cursitaret,
787 3268 929 3332 effracta
946 3268 1115 3332 mausolei

201 3506 565 3575 1Ταινι](Σ.1).Ε.;1ιιιιο,
592 3508 626 3558 A.
652 3512 679 3556 to
701 3507 815 3556 estimate
843 3504 894 3553 this
917 3505 1116 3566 compensation,

167 3580 196 3631 S.
204 3581 236 3631 1..
653 3577 684 3643 (i.
696 3592 717 3627 e.
728 3576 794 3625 their
807 3571 952 3638 weregild,)
971 3575 1016 3623 she
1034 3575 1113 3623 asked

200 3645 410 3720 '³Merercaldus.]
428 3651 476 3701 See
499 3655 583 3712 anton,
600 3663 627 3710 p.
653 3662 681 3696 as
693 3647 768 3696 much
780 3647 840 3694 land
851 3659 880 3694 as
891 3645 936 3693 her
948 3649 1005 3707 stag
1022 3645 1115 3693 should

166 3724 225 3772 llo.
653 3731 769 3778 compass
791 3721 819 3764 at
840 3730 887 3763 one
909 3729 999 3763 course
1023 3715 1050 3761 in
1072 3715 1114 3763 the

200 3789 326 3855 wilica]
349 3791 383 3842 A.
397 3793 428 3841 G.
439 3789 475 3841 D.
488 3790 521 3840 Ε.
538 3805 546 3851 ;
561 3788 628 3838 duas
652 3788 700 3836 isle
712 3787 740 3835 of
747 3787 854 3847 'l'hanet‚
864 3784 949 3833 where
968 3784 1013 3833 she
1024 3784 1115 3831 found·

163 3861 280 3925 filias,S.
293 3861 324 3912 L.
653 3858 686 3905 ed
707 3857 750 3904 the
778 3860 921 3915 monastery
943 3854 972 3902 of
997 3854 1113 3903 Minster.

199 3933 210 3963 ⁴
234 3933 266 3981 Ia
296 3933 386 3980 Taaeto
416 3929 499 3977 insula
523 3926 628 3989 cantic,
653 3927 719 3975 Vide
739 3927 780 3975 W.
803 3925 897 3973 Thom.
921 3924 970 3972 col.
994 3927 1067 3984 1910,
1088 3928 1114 3971 et

165 4018 236 4066 mmm
265 4002 341 4050 matri
362 4014 412 4048 suoe
435 3998 462 4046 in
487 3998 629 4047 mintionem
654 3991 1116 4060 NataleS.Mild1-ytbae(Saxonice),

163 4073 231 4122 aeris
241 4072 355 4131 fratrum
374 4082 481 4127 mmm,
499 4067 628 4116 Ethelredi
655 4068 712 4117 MS.
735 4065 802 4114 Gott.
832 4065 916 4126 Calig.
945 4064 980 4112 A.
1008 4076 1061 4113 xrv.
1089 4067 1115 4113 4.

164 4148 190 4192 ct
211 4141 364 4204 Egelbr'rthi,
385 4141 485 4188 dederat
506 4153 552 4186 rea
574 4138 629 4198 Eg·
654 4137 828 4197 Sharpe,2⁷8.

164 4213 267 4276 bertae]
285 4212 368 4262 When
385 4211 406 4258 it
416 4223 472 4258 was
489 4208 535 4257 lelt
546 4211 572 4256 to
583 4207 629 4256 her
690 4207 700 4237 ⁵
711 4204 862 4268 Milburgo]
874 4204 921 4253 See
931 4207 1015 4264 antea,
1023 4218 1049 4264 p.
1059 4206 1115 4253 11⁰.

904 4278 964 4342 21³
