2858 4890
155 397 224 446 nin.
240 381 282 462 1.]
375 398 488 446 cnsrh
514 398 638 447 ancon
664 399 875 447 nncnonuu.
1043 385 1108 449 109

154 555 436 619 abrenunciaret:
460 555 561 639 cujus
577 555 657 619 fidei
673 556 877 639 participem
892 556 1107 638 provinciam

155 674 266 733 suam,
292 655 465 719 arridente
489 656 587 736 regni
615 657 813 733 serenitate,
840 675 960 719 socero
984 656 1107 720 suffra-

154 762 272 836 gante,
288 755 402 818 facere
418 763 649 837 procurasset,
666 756 732 818 nisi
750 763 822 819 tam
839 755 923 819 laeta
938 757 1108 837 principia

155 874 260 931 mors,
285 874 347 937 per
377 855 521 918 insidias
553 856 686 932 uxoris,
709 863 749 919 ut
771 856 909 932 dicitnr,
932 855 1107 933 festinata,
1120 875 1228 916 anan.

154 955 358 1018 succideret.
393 947 509 1018 ¹Tunc
525 975 670 1036 regnum
682 954 820 1018 Oswius
834 956 999 1037 suscepit,
1014 956 1108 1038 quod

155 1054 232 1131 sibi,
251 1062 286 1118 et
302 1055 457 1118 victoriae
482 1055 519 1118 in
543 1063 690 1137 patrem,
715 1063 750 1119 et
775 1053 952 1119 affinitatis
966 1055 1047 1138 jure
1072 1057 1108 1118 in

156 1153 276 1232 filium,
293 1162 487 1236 competere
498 1155 692 1219 videbatur.
725 1154 793 1218 Sed
809 1155 1011 1219 animositas
1027 1175 1108 1237 pro·

156 1253 355 1317 vincialium
372 1247 463 1317 ²non
478 1254 572 1318 ultra
587 1254 773 1318 triennium
788 1255 903 1336 potuit
919 1254 1007 1317 ferre
1028 1275 1108 1337 reg·

156 1362 297 1418 nantem
311 1375 319 1433 ;
337 1354 494 1436 expulsis
507 1355 597 1417 enim
614 1354 690 1438 ejus
699 1354 856 1431 ducibus
867 1347 1108 1436 ³Wulferoque

157 1452 286 1517 Pendae
297 1454 375 1517 ‚filio
392 1454 430 1517 in
454 1474 555 1517 omen
571 1456 670 1537 regni
686 1453 890 1532 acclamato,
913 1454 1107 1519 libertatem

155 1555 295 1637 recepit.

210 1653 297 1736 §76.
321 1653 513 1730 wulferus
535 1672 579 1716 ne
608 1673 704 1736 spem
729 1653 857 1717 civium
881 1653 1028 1731 falleret,
1053 1675 1107 1718 se·
1121 1678 1232 1727 nunes,

157 1751 238 1817 dulo
270 1761 441 1836 satagere,
467 1754 603 1835 magnis
629 1761 664 1817 et
688 1754 794 1817 animi
819 1761 854 1817 et
879 1756 1033 1837 corporis
1055 1755 1107 1818 vi·
1121 1730 1229 1770 ⁸⁴⁰‘⁶⁵⁷'

159 1853 266 1931 ribus,
295 1854 415 1917 utilem
446 1873 484 1917 se
513 1853 702 1936 principem
734 1860 928 1917 ostentare:
961 1855 1109 1937 denique

157 1951 453 2018 Christianitatem
469 1954 532 2017 vix
547 1954 583 2017 in
599 1973 707 2035 regno
732 1972 796 2016 suo
818 1953 1058 2035 palpitantem,
1073 1963 1109 2019 et

156 2072 218 2134 per
233 2054 374 2117 fratrem
389 2054 573 2130 initiatam,
590 2053 708 2117 favore
718 2073 782 2116 suo
791 2054 990 2117 enixissime
999 2053 1108 2138 juvit.

157 2151 284 2217 Primis
300 2154 371 2217 fere
387 2154 487 2216 annis
503 2173 525 2217 a
540 2173 622 2235 rege
638 2152 937 2217 West-Saxonum
954 2156 1108 2237 graviter

157 2253 318 2331 afflictus,
333 2246 572 2335 *sequentibus
588 2252 723 2316 consilii
739 2253 927 2317 vivacitate
943 2254 1106 2338 injuriam
1119 2276 1173 2318 nn.
1184 2279 1230 2317 rer.

156 2353 375 2435 propulsam,
400 2355 505 2416 etiam
529 2354 643 2436 ipsum
659 2351 798 2416 Wehtae
815 2352 938 2416 insulae
955 2355 1107 2419 dominio

156 2454 352 2533 mutilavit3
391 2453 615 2535 eandemque,
646 2453 735 2516 ritus
775 2452 963 2534 sacrilegos
995 2454 1107 2519 adhuc

156 2553 388 2631 anhelantem,
406 2553 450 2616 ad
475 2562 608 2617 rectum
631 2552 806 2616 tramitem
829 2552 1022 2631 inflectens,
1039 2574 1107 2618 non

156 2654 266 2717 multo
291 2662 370 2736 post
394 2654 468 2735 regi
482 2650 699 2717 Australium
724 2652 903 2715 Saxonum
920 2652 1107 2717 Ethelwal-

157 2751 228 2831 kio,
253 2775 357 2836 quem
380 2754 417 2818 in
440 2754 613 2836 baptismo
645 2759 856 2834 susceperat,
882 2753 997 2833 gratia
1028 2752 1107 2817 fidei

156 2853 261 2918 dedit.
313 2853 446 2918 Verum
480 2853 655 2917 enimvero
694 2851 781 2929 haec,
817 2859 852 2915 et
891 2871 1108 2934 quaecunque

155 2953 231 3037 ejus
262 2955 367 3031 bona,
398 2952 508 3017 inficit
539 2960 574 3017 et
605 2952 766 3035 deprimit
797 2951 914 3032 gravis
952 2952 1107 3015 simoniae

155 3061 251 3131 nota,
289 3055 382 3136 quod
415 3052 545 3136 primus
585 3072 707 3134 regum
737 3049 933 3132 Anglorum
970 3071 1106 3114 sacrum

154 3154 395 3237 episcopatum
417 3153 607 3217 Londoniae
623 3147 778 3215 ⁵cuidam
794 3150 909 3216 Winae
924 3151 1107 3216 ambitioso
1119 3170 1173 3211 nn.
1183 3173 1228 3211 err.

157 3254 355 3318 venditarit.
409 3253 546 3317 Habuit
560 3254 597 3316 in
611 3251 831 3316 matrimonio
841 3250 947 3315 filiam
964 3251 1107 3315 Ercom-

191 3497 199 3530 ¹
217 3501 284 3549 Tunc
304 3515 407 3562 regnum
427 3499 525 3549 Oswiar
541 3516 619 3549 rurre-
642 3500 770 3548 Wulfheri
782 3501 956 3551 succeededto
967 3501 1022 3550 that
1032 3501 1106 3565 king·

153 3570 214 3634 piu]
231 3570 305 3620 After
317 3570 407 3619 Penda
417 3584 472 3619 was
482 3571 618 3632 vanquish·
642 3571 710 3631 dom,
720 3571 790 3620 A.D.
802 3575 859 3620 657.

156 3641 189 3689 ed
212 3643 246 3702 by
268 3639 370 3703 Oswiir,
391 3641 433 3689 the
456 3641 577 3702 kingdom
593 3642 622 3690 of
678 3639 860 3702 ⁴Sequentibus
947 3641 1042 3690 Webtoe
1066 3641 1106 3689 in·

155 3710 255 3761 Marcia
263 3710 307 3759 fell
318 3712 417 3760 intohis
429 3710 618 3773 hands;apor-
642 3711 702 3758 sala
724 3711 828 3758 duninic
849 3705 996 3778 mutilavit]
1023 3710 1106 3759 Wulf·

154 3780 207 3828 tion
218 3781 247 3829 of
253 3781 338 3830 which
355 3781 387 3830 he
405 3781 534 3829 bestowed
550 3796 618 3842 upon
642 3778 697 3828 heri
721 3780 837 3830 defeated
860 3780 1023 3841 Cynewealh,
1041 3781 1106 3849 king¹

157 3851 256 3911 Foeda,
273 3851 338 3901 after
348 3851 434 3900 whose
451 3852 527 3900 death
543 3851 564 3899 it
580 3866 620 3899 re·
642 3849 671 3898 oi
687 3851 804 3913 Wessex,
823 3850 892 3898 A.D.
905 3853 973 3909 6613
995 3850 1046 3898 and
1062 3852 1105 3898 be-

155 3922 242 3969 verted
253 3926 278 3969 to
290 3921 391 3970 oswio.
643 3921 739 3968 stowed
761 3921 803 3969 the
821 3921 869 3969 isle
888 3919 917 3967 ol
930 3920 1017 3979 Wight
1036 3935 1106 3981 upon

191 3988 201 4020 ²
225 3993 282 4040 Non
303 3993 369 4040 rutro
391 3990 546 4054 triennium]
571 3989 619 4038 See
643 3991 810 4039 Aethiluualh
821 3989 850 4039 oi
856 3989 961 4051 Sussex,
974 3989 1012 4038 sor
1022 3990 1106 4038 whom

157 4061 239 4120 Beda,
250 4062 295 4110 lib.
307 4075 349 4110 111.
361 4076 383 4111 c.
395 4061 529 4123 natm.
643 4060 675 4108 he
686 4060 737 4108 had
748 4061 819 4109 stood
836 4062 862 4107 in
880 4060 997 4121 baptism.
1033 4059 1107 4125 (Sar.

191 4125 395 4198 ³Wrrlferoque]
420 4132 495 4193 Upon
516 4130 559 4179 the
576 4145 620 4178 ex·
645 4130 738 4180 Chron.
751 4131 820 4181 A.D.
832 4127 902 4192 661.)

156 4202 257 4263 pulsion
276 4201 305 4250 of
321 4201 412 4251 Oswid
429 4199 492 4250 from
513 4200 620 4262 Mercia,
679 4198 806 4250 ὅΟιιίάιιηι
815 4199 1107 4263 Wiuae.]Wini,bishop
