2858 4890
187 555 282 596 account
290 553 314 592 ol
322 551 324 555 '

187 605 337 654 Glartoubury.

346 361 391 426 34
571 371 685 420 ousrl
709 370 835 418 nueuu
860 369 1071 418 Aucuoauu.
1169 353 1255 435 [mn.
1274 368 1299 415 1.

348 530 424 588 toto
438 519 618 585 cohorreat
633 540 788 604 corpore.
840 518 968 584 Nullus
985 519 1078 584 intra
1099 517 1301 599 contiguum
1330 546 1333 550 ·

349 622 553 687 cimiterium
588 621 645 686 vel
683 640 783 685 avem
815 619 1030 685 venatoriam
1060 619 1214 695 advexit,
1244 617 1303 682 vel

350 721 589 806 quadrupedes
617 720 767 797 induxit,
797 718 858 802 qui
893 720 948 784 sui
976 718 1032 784 vel
1053 717 1105 783 rei
1131 735 1302 801 possessae

350 820 547 903 indempnis
563 819 698 884 abierit.
751 813 877 883 ¹Ferro
890 819 946 884 vel
964 836 1057 901 aqua
1069 816 1305 894 examinandi,

351 923 382 987 si
406 921 596 985 orationem
621 919 669 983 ibi
693 918 939 1002 deposuerunt,
960 937 1078 983 omnes
1101 936 1188 1001 quos
1213 935 1305 1000 prae-

351 1039 432 1086 sens
455 1019 619 1084 memoria
642 1019 894 1101 complectitur,
916 1038 987 1083 uno
1010 1024 1169 1101 excepto,
1183 1016 1226 1081 de
1248 1035 1306 1080 sa·

352 1123 426 1185 lute
446 1139 511 1184 sua
531 1119 775 1202 tripudiarunt.
826 1118 865 1182 Si
891 1118 969 1200 quis
992 1118 1139 1184 evicino
1164 1115 1306 1199 aliquod

354 1218 536 1285 aedificium
550 1219 735 1283 locandum
748 1224 917 1301 putasset,
932 1217 1024 1301 quod
1045 1217 1307 1283 obumbratione

355 1338 419 1384 sua
431 1320 543 1384 lucem
564 1318 733 1383 invideret
753 1317 921 1395 ecclesiae,
935 1317 1049 1401 patuit
1068 1317 1191 1381 ruinae.
1243 1315 1308 1380 Sa·

355 1419 470 1502 tisque
500 1425 637 1483 constat
659 1417 814 1482 homines
840 1417 934 1481 illius
960 1415 1147 1501 provinciae
1175 1415 1310 1480 nullum

356 1519 511 1583 sanctius
525 1518 582 1583 vel
606 1517 758 1581 crebrius
779 1516 1016 1600 juramentum
1038 1516 1177 1595 habere,
1203 1523 1309 1599 quam

357 1639 419 1702 per
444 1608 596 1683 veterem
635 1617 842 1697 ecclesiam;
881 1617 967 1681 nihil
998 1617 1110 1699 magis
1143 1616 1309 1693 vitantes,

356 1724 451 1782 metu
466 1718 586 1781 celeris
599 1716 774 1794 vindictae,
791 1735 896 1800 quam
909 1717 1077 1801 pejerare.
1115 1715 1309 1780 Labentem

357 1818 539 1884 veritatem
562 1817 732 1883 dictorum
762 1836 842 1899 quae
866 1816 1121 1900 proposuimus,
1149 1816 1187 1881 in
1220 1815 1309 1880 libro

358 1937 460 2001 quem
474 1917 517 1980 de
533 1917 741 1999 antiquitate
757 1916 911 2001 ejusdem
926 1916 1080 1981 ecclesiae
1094 1915 1309 1998 scripsimus,

358 2036 423 2099 pro
438 2035 600 2080 successu
615 2035 795 2094 annorum,
811 2017 1017 2082 testimoniis
1034 2015 1223 2081 fulciemus.

412 2115 501 2200 §2L
537 2115 682 2179 Interim
710 2116 827 2198 palam
856 2116 987 2181 sactum
1011 2124 1065 2182 est
1090 2117 1213 2181 merito
1243 2114 1312 2179 dici

360 2215 502 2279 coeleste
526 2214 683 2279 interris
706 2214 941 2280 sanctuarium
962 2223 1016 2281 tot
1037 2224 1237 2282 sanctorum
1257 2233 1310 2278 re-

361 2313 599 2378 conditorium.
675 2312 855 2392 Quantum
890 2335 973 2380 vero
1008 2316 1040 2381 is
1075 2317 1172 2381 locus
1207 2313 1313 2378 suerit

361 2415 467 2479 etiam
494 2413 698 2497 primatibus
724 2414 847 2496 patriae
871 2415 1089 2494 venerabilia,
1117 2423 1156 2479 ut
1179 2413 1229 2483 ibi
1250 2435 1312 2497 po·

361 2512 532 2591 tissimum
548 2515 613 2576 sub
622 2514 836 2595 protectione
848 2514 916 2578 Dei
927 2514 1103 2596 genitricis
1112 2514 1311 2598 opperiren-

361 2620 420 2676 tur
443 2613 533 2675 diem
558 2613 829 2691 resurrectionis,
856 2614 958 2697 plura
985 2621 1068 2679 sunt
1094 2615 1314 2690 documenta,

362 2711 487 2794 quibus
501 2731 565 2794 pro
579 2712 717 2776 cautela
734 2712 865 2777 fastidii
886 2713 1055 2780 abstineo.
1106 2713 1199 2779 Illud
1219 2713 1312 2797 quod

362 2831 451 2894 pene
476 2811 565 2876 clam
591 2811 750 2877 omnibus
778 2819 831 2877 est
854 2813 1000 2878 libenter
1025 2813 1261 2897 praedicarem,
1282 2813 1314 2877 si

363 2911 544 2977 veritatem
559 2911 743 2994 exculpere
765 2931 914 2995 possem,
929 2912 1012 2997 quid
1033 2914 1104 2978 illae
1116 2913 1313 2998 pyramides

364 3010 430 3074 sibi
455 3011 576 3088 velint,
602 3030 693 3093 quae,
713 3012 900 3095 aliquantis
922 3013 1067 3096 pedibus
1096 3015 1141 3077 ab
1168 3013 1314 3077 ecclesia

363 3108 425 3174 illa
446 3110 583 3193 positae,
608 3111 812 3176 cimiterium
834 3111 1080 3176 monachorum
1103 3119 1319 3195 praetexunt.

366 3208 549 3273 Procerior
576 3227 672 3287 sane,
702 3218 738 3275 et
764 3211 991 3294 propinquior
1015 3212 1182 3291 ecclesiae,
1210 3211 1316 3276 habet

366 3308 518 3390 quinque
533 3309 723 3386 tabulatus,
738 3315 774 3374 et
790 3311 1008 3375 altitudinem
1021 3312 1145 3393 viginti
1159 3317 1239 3376 octo
1254 3331 1316 3394 pe·

366 3405 469 3469 dum:
493 3405 580 3483 haec,
596 3427 669 3489 prae
693 3409 799 3474 nimia
822 3410 876 3474 sui
890 3418 1065 3477 vetustate
1088 3411 1154 3476 etsi
1180 3410 1317 3476 ruinam
1381 3436 1387 3447 ·

366 3505 528 3583 minetur,
544 3505 649 3572 habet
663 3514 780 3573 tamen
796 3510 1014 3594 antiquitatis
1032 3512 1201 3576 nonnulla
1219 3530 1317 3594 spec-

367 3605 496 3682 tacula,
522 3625 600 3689 quae
626 3606 728 3690 plane
754 3617 900 3691 possunt
923 3610 1005 3692 legi,
1024 3608 1106 3675 licet
1125 3631 1195 3676 non
1216 3611 1318 3694 plene

366 3705 502 3787 possint
514 3705 674 3788 intelligi.
727 3708 771 3773 In
785 3710 954 3792 superiori
973 3710 1066 3775 enim
1084 3711 1245 3776 tabulatu
1266 3718 1320 3775 est

366 3804 482 3886 imago
506 3805 697 3887 pontificali
729 3807 904 3873 schemate
931 3808 1043 3875 sacta.
1089 3811 1134 3874 In
1168 3810 1320 3876 secundo

403 4079 501 4131 ¹Ferro
519 4085 558 4132 orl
573 4099 635 4146 aqna
652 4085 830 4150 examinandi]
866 4086 1017 4147 solemnity3
1044 4084 1087 4134 the
1109 4084 1187 4134 ritual
1207 4099 1269 4146 may
1288 4085 1322 4134 be

367 4151 429 4200 This
446 4152 534 4202 ordeol
549 4169 605 4203 was
615 4169 632 4204 a
642 4156 701 4204 trial
717 4156 746 4204 oi
761 4161 832 4218 great
866 4171 926 4206 seen
936 4158 963 4207 in
973 4156 1102 4219 Spelmau,
1112 4170 1167 4205 uoce
1178 4155 1323 4207 Ordalium.
