2858 4890
154 397 223 445 ua.
239 380 283 462 1.]
386 395 500 443 cnsrn
523 395 651 444 naccis
676 394 891 442 ananensis.
1044 376 1110 442 127

155 559 259 628 trum,
277 552 316 615 in
331 550 468 632 integro
486 549 600 634 ipsum
623 550 823 634 parochiam
842 569 986 614 numero
1000 543 1108 615 ¹dno·

155 653 265 716 decim
276 654 379 716 beato
392 651 591 734 Augustino
605 651 759 735 syncello
774 670 838 714 suo
849 651 1109 734 archiepiscopo

158 752 352 830 tradidisse,
371 761 407 816 et
428 753 650 815 confirmasse
671 752 852 834 episcopos
875 752 1110 816 consecrandi.

160 853 262 917 Unde
286 861 323 916 et
343 873 408 917 nos
429 852 594 938 (veritate
614 854 692 935 ipsa
714 848 871 935 reperta)
894 853 1111 916 ordinatione

158 973 220 1018 seu
243 953 503 1017 confirmatione
532 961 653 1017 nostra
680 953 873 1035 apostolica
901 953 1110 1017 anctoritate

159 1073 219 1118 eas
240 1054 293 1116 illi
314 1054 351 1116 in
371 1055 519 1135 integro,
534 1055 626 1117 sicut
646 1053 837 1136 antiquitus
862 1052 1014 1130 suerunt,
1027 1074 1111 1117 con·

160 1156 343 1218 stituentes
368 1154 589 1230 reddidimus,
618 1162 655 1218 et
682 1153 902 1236 privilegium
928 1155 1111 1218 confirma·

161 1256 277 1331 tionis,
295 1255 483 1319 secundnm
513 1274 689 1318 sacrorum
717 1273 888 1317 canonum
917 1274 1111 1332 censuram,

161 1355 315 1420 ecclesiae
330 1375 403 1419 snae
418 1355 672 1419 observandum
684 1355 911 1418 tradidimus.'

212 1456 296 1539 §90.
320 1454 398 1519 offa
413 1457 557 1532 interea,
578 1475 623 1519 ne
644 1456 710 1518 sibi
725 1454 838 1519 fraudi
852 1454 966 1519 forent
978 1454 1063 1518 dure
1076 1454 1112 1518 in
1124 1472 1172 1513 on
1186 1471 1275 1512 mua«

160 1557 390 1639 provinciales
412 1557 575 1632 admissa,
603 1555 755 1637 undique
777 1556 906 1619 amicos
930 1575 1029 1637 reges
1053 1575 1112 1620 ve·
1125 1523 1276 1614 iohiffi‘r‘d

163 1676 263 1733 nans,
279 1676 468 1739 pacemque
484 1656 686 1733 concilians,
699 1650 892 1721 ²Brithrico
907 1655 981 1737 regi
995 1655 1114 1720 West·
1125 1624 1250 1715 lidi?

162 1757 341 1822 Saxonum
362 1757 468 1820 filiam
485 1756 715 1838 Edelburgam
731 1763 876 1839 nuptum
892 1756 997 1820 dedit.
1038 1754 1114 1819 Ka·

162 1857 273 1921 rolum
302 1877 467 1939 magnum
495 1878 611 1939 regem
642 1857 855 1921 Francorum
877 1856 1114 1939 frequentibus
1126 1876 1167 1917 aa
1183 1875 1250 1926 aare

162 1959 392 2040 legationibus
415 1959 563 2022 amicum
585 1959 735 2042 paravit,
750 1959 910 2040 quamvis
932 1977 1001 2021 non
1016 1927 1277 2030 sacileffl'ffl*

164 2059 256 2142 qnod
271 2060 343 2122 suis
359 2060 491 2123 artibus
513 2059 720 2123 conduceret
733 2059 771 2121 in
787 2057 911 2123 Karoli
925 2058 1040 2122 animo
1062 2059 1116 2122 in-

165 2160 320 2224 venerit:
355 2159 636 2225 discordaverant
657 2166 772 2234 antea,
803 2160 890 2223 adeo
911 2166 952 2223 ut
980 2158 1116 2241 magnis

165 2261 315 2324 motibus
329 2261 512 2342 utrobique
533 2261 827 2337 concurrentibus
840 2260 945 2324 etiam
960 2260 1117 2342 negotia-

166 2368 279 2425 torum
307 2368 519 2425 commeatus
540 2360 814 2443 prohiberentur.
864 2360 930 2424 Est
952 2352 1118 2443 ³epistola

167 2460 298 2539 Albini,
314 2461 458 2546 hujusce
471 2462 522 2525 rei
535 2460 653 2539 index,
667 2461 766 2544 cujus
781 2468 915 2544 partem
931 2460 986 2524 hic
1008 2479 1117 2544 appo·

167 2581 261 2639 nam,
286 2562 527 2626 documentum
550 2563 672 2644 ingens
690 2561 985 2643 magnanimitatis
999 2568 1034 2624 et
1047 2561 1117 2626 ior·

165 2663 326 2726 titudinis
350 2662 485 2740 Karoli,
509 2663 570 2744 qui
595 2682 732 2726 omnem
756 2669 896 2727 aetatcm
926 2661 1060 2726 triverit
1080 2662 1118 2725 in

166 2762 268 2827 bellis
282 2771 402 2828 contra
415 2783 572 2847 paganos
588 2763 665 2827 Deo
680 2762 835 2827 rebelles.

205 2863 287 2947 §9l.
297 2870 307 2898 ‘
317 2857 501 2946 ⁴Antiqui,’
511 2864 636 2945 inquit,
648 2869 658 2896 ‘
669 2862 839 2940 Saxones,
852 2869 887 2928 et
902 2880 1020 2926 omnes
1034 2861 1117 2926 Fre·
1131 2879 1232 2927 ruma

168 2984 292 3028 sonum
305 2964 437 3048 populi,
449 2965 601 3028 instante
617 2983 698 3045 rege
709 2951 854 3040 Karolo,
868 2963 956 3026 ahos
969 2962 1120 3044 praemiis
1131 2929 1261 3030 ididia.

168 3073 205 3129 et
226 3064 312 3130 anos
336 3065 438 3129 minis
461 3065 670 3142 solicitante,
693 3064 736 3126 an
762 3063 864 3127 fidem
885 3063 1014 3127 chrisa
1037 3031 1167 3128 con-²¹²

169 3166 261 3230 versi
293 3173 397 3245 sunt3
421 3166 481 3229 sed
506 3185 598 3229 anno
627 3171 805 3229 transacto
825 3164 916 3228 idem
941 3183 1004 3226 rex
1041 3183 1120 3228 cum

170 3267 325 3330 exercitu
344 3266 445 3331 irruit
459 3287 563 3349 super
577 3264 732 3342 sclavos,
748 3283 875 3347 eosque
897 3263 1033 3346 subegit
1047 3283 1120 3329 suoe

170 3366 304 3431 ditioni.
354 3365 502 3443 Avares,
518 3386 606 3449 quos
620 3385 684 3430 nos
698 3365 825 3430 Hunos
848 3365 1004 3442 dicimus,
1019 3383 1120 3429 exar-

167 3474 291 3532 serunt
318 3467 355 3530 in
386 3468 538 3545 Italiam,
567 3474 613 3544 et,
640 3485 662 3529 a
687 3465 831 3530 ducibus
863 3465 1000 3549 praesati
1029 3465 1121 3548 regis

172 3567 377 3632 Christianis
404 3568 571 3652 superati,
596 3567 735 3631 domum
758 3587 836 3631 cum
859 3566 1044 3649 opprobrio
1068 3586 1121 3630 re·

169 3827 173 3833 .
206 3788 382 3853 ¹Duodecim.]
399 3788 433 3841 A.
446 3790 476 3839 S.
493 3791 523 3840 C.
541 3791 574 3839 E.
586 3791 634 3852 1..;
660 3789 791 3858 (Veterum
808 3792 980 3855 Epistolarum
1003 3792 1123 3842 Hiberni-

171 3861 304 3911 duodecim
315 3861 501 3923 episcoporum,
512 3861 547 3910 D.
559 3862 599 3911 M.
659 3877 746 3910 carum
757 3863 869 3926 Sylloge,
878 3867 929 3912 «lto.
943 3860 1121 3929 Paris,16tl⁵,)

206 3929 416 3992 ςΒηἩινίεονεςὶ
427 3931 634 3981 Met-Saxonum
659 3933 733 3993 epist.
752 3946 829 3984 xv111.
846 3949 873 3995 p.
893 3937 933 3994 36,
953 3933 1004 3981 and
1017 3933 1121 3987 alcuin.

164 4002 248 4067 filiam
258 4001 424 4063 Edelhurgam
432 4006 533 4067 nuptum
544 3997 633 4071 dedic]
659 4002 710 4064 0p.
724 4009 785 4054 tom.
798 4017 816 4054 1.
828 4020 855 4066 p.
867 4007 892 4054 6.
904 4019 944 4065 ep.
958 4016 999 4052 111.

170 4073 217 4122 See
229 4077 286 4121 note
297 4069 316 4133 ⁶,
327 4088 354 4133 p.
365 4076 406 4121 59.

206 4141 340 4205 ³Epistolu
357 4141 467 4206 Albini]
483 4142 537 4191 The
552 4143 634 4192 whole
694 4139 821 4208 ⁴Antipui
833 4144 964 4209 Soxestra]
978 4145 995 4195 i.
1008 4160 1030 4196 e.
1040 4144 1124 4196 West·

172 4212 200 4262 oi
208 4213 259 4262 this
267 4214 340 4262 letter
350 4213 373 4261 is
379 4213 480 4274 printed
487 4214 521 4274 hy
528 4213 635 4276 Ussher,
658 4213 784 4275 phalians.
