2858 4890
163 383 230 431 cin.
247 369 290 448 n]
385 385 499 433 cnsrn
523 385 650 435 nncuu
674 387 886 435 ancnonuu.
1051 371 1116 436 129

163 543 481 626 Longobardornm,
506 554 542 611 et
571 547 738 629 patricius
766 546 1015 622 Romanorum,
1037 546 1113 610 viro

64 643 68 649 ’
162 646 359 710 venerando
374 655 409 710 et
422 646 521 711 sratri
530 647 706 710 carissimo
717 646 805 711 Offae
820 648 893 729 regi
903 646 1113 710 Merciorum

160 744 318 811 salutem.
371 747 489 811 Primo
500 747 631 830 gratias
642 748 777 829 agimus
792 747 1020 829 omnipotenti
1035 747 1112 811 Deo

160 845 203 909 de
218 846 399 911 catholicae
413 847 492 911 fidei
509 848 707 912 sinceritate
721 868 825 930 quam
841 848 878 911 in
893 848 1018 911 vestris
1034 848 1110 911 lan·

160 945 320 1011 dabiliter
343 948 481 1030 paginis
503 948 692 1030 reperimus
720 955 911 1013 exaratam.
971 947 1026 1011 De
1049 968 1110 1031 pe·

161 1047 306 1128 regrinis
322 1066 416 1125 vero,
439 1048 511 1131 qui,
532 1068 595 1130 pro
615 1067 731 1112 amore
747 1049 815 1113 Dei
839 1055 875 1113 et
898 1046 1011 1112 salute
1033 1049 1109 1111 ani·

159 1167 292 1211 marum
323 1167 476 1226 suarum,
507 1149 686 1212 beatorum
718 1148 953 1231 apostolorum
990 1148 1109 1213 limina

159 1247 355 1312 desiderant
375 1249 482 1326 adire,
506 1268 691 1332 cumpace
714 1250 789 1312 sine
807 1250 902 1313 omni
927 1251 1109 1331 perturba-

161 1348 254 1412 tione
273 1349 426 1428 vadant3
450 1349 511 1412 sed
538 1349 568 1412 si
592 1349 710 1432 aliqui,
734 1370 802 1413 non
825 1349 984 1431 religioni
1000 1351 1107 1414 servi-

160 1456 269 1526 entes,
284 1448 345 1512 sed
360 1448 458 1513 lucra
476 1456 661 1525 sectantes
682 1450 905 1514 inveniantur
924 1449 1016 1513 inter
1036 1471 1108 1527 eos,

159 1548 245 1613 locis
267 1550 470 1632 opportunis
495 1556 628 1614 statuta
655 1550 793 1614 solvant
818 1549 980 1613 thelonia.
1034 1549 1106 1615 Ne·

160 1649 350 1730 gotiatores
366 1670 504 1734 quoque
520 1650 691 1728 volumus„
712 1657 752 1714 ut
772 1670 818 1714 ex
840 1649 1004 1714 mandato
1027 1670 1108 1714 nos-

160 1756 212 1813 tro
237 1751 467 1833 patrocinium
493 1750 645 1814 habeant
672 1751 708 1814 in
738 1770 846 1832 regno
874 1757 993 1814 nostro
1021 1750 1107 1832 legi-

159 1848 263 1929 time3
288 1851 367 1914 etsi
383 1851 419 1914 in
434 1851 551 1933 aliquo
572 1851 650 1915 loeo
671 1851 804 1934 injusta
820 1849 1019 1933 affligantur
1044 1871 1106 1933 op-

160 1949 348 2031 pressione,
371 1951 560 2016 reclament
583 1971 620 2015 se
650 1951 693 2014 ad
723 1971 787 2015 nos
810 1949 866 2015 vel
892 1958 1029 2015 nostros
1048 1951 1108 2036 ju-

158 2049 264 2128 dices,
279 2058 314 2115 et
327 2051 466 2134 plenam
476 2050 674 2135 jubebimus
691 2050 866 2136 justitiam
878 2051 961 2114 fieri.
1016 2050 1108 2133 Cog-

159 2157 281 2214 noscat
302 2171 439 2235 quoque
460 2151 597 2215 dilectio
613 2159 741 2228 vestra,
761 2152 853 2234 quod
875 2151 1028 2234 aliquam
1049 2152 1109 2216 be·

161 2251 365 2333 dignitatem
392 2252 435 2316 de
462 2250 655 2316 dalmaticis
682 2252 810 2316 nostris
835 2251 891 2317 vel
919 2251 1033 2335 palliis
1064 2252 1108 2316 ad

157 2349 313 2434 singulas
327 2352 426 2416 sedes
437 2351 651 2434 episcopales
669 2351 767 2434 regni
782 2351 890 2422 vestri
901 2351 958 2415 vel
974 2345 1107 2416 ¹Ethel-

160 2451 231 2515 redi
253 2452 442 2516 direximus
461 2452 497 2516 in
517 2452 759 2517 eleemosinam
776 2449 906 2516 domini
925 2452 1107 2535 apostolici

164 2549 318 2631 Adriani,
334 2553 559 2637 deprecantes
574 2559 615 2617 ut
628 2572 692 2635 pro
704 2572 745 2617 eo
756 2552 921 2616 intercedi
930 2552 1106 2636 jubeatis3

160 2653 288 2717 nullam
302 2653 468 2719 habentes
483 2653 733 2718 dubitationem
746 2653 884 2716 beatam
905 2652 999 2716 illius
1013 2646 1107 2716 ²ani-

161 2772 252 2817 mam
274 2754 311 2818 in
333 2755 451 2837 requie
471 2773 559 2831 esse,
577 2753 638 2818 sed
662 2760 702 2816 ut
725 2752 825 2816 fidem
840 2761 876 2816 et
891 2752 1108 2817 dilectionem

159 2853 381 2919 ostendamus
407 2853 443 2917 in
468 2854 616 2919 amicum
642 2853 742 2917 nobis
763 2852 987 2917 carissimum.
1040 2852 1108 2916 Sed

158 2960 193 3018 et
218 2953 261 3019 de
286 2955 449 3020 thesauro
471 2955 699 3018 humanarum
721 2972 848 3030 rerum,
868 2972 970 3034 quem
986 2953 1108 3017 Domi-

158 3074 223 3118 nus
238 3054 261 3119 J
264 3075 342 3119 esus
358 3056 457 3119 nobis
472 3055 627 3137 gratuita
640 3053 770 3136 pietate
785 3053 967 3130 concessit,
978 3053 1108 3135 aliquid

156 3174 219 3236 per
244 3156 528 3238 metropolitanas
557 3155 715 3219 civitates
747 3153 958 3233 direximus;
982 3160 1108 3218 vestrae

159 3275 295 3338 quoque
317 3255 493 3320 dilectioni
517 3276 623 3319 unum
645 3255 820 3319 baltheum
845 3260 880 3318 et
901 3274 1007 3319 unum
1033 3252 1108 3336 gla-

157 3355 251 3418 dium
268 3356 476 3434 Huniscum,
491 3363 526 3420 et
540 3356 608 3419 duo
622 3354 729 3439 pallia
743 3355 876 3419 serica!

209 3456 294 3540 §94
319 3457 410 3521 Haec
424 3456 601 3525 saltuatim
619 3456 724 3520 verba
737 3455 893 3537 epistolae
909 3454 1107 3536 decerpere,
1120 3477 1224 3568 ἕξιππα»

156 3556 281 3621 iccirco
311 3557 469 3640 apposui,
505 3564 544 3620 ut
572 3556 720 3638 posteris
751 3555 923 3620 elucescat
957 3555 1109 3619 amicitia
1170 3556 1175 3566 '
1225 3555 1229 3566 '

160 3656 247 3720 Offae
278 3665 313 3722 et
330 3656 476 3736 Karoli;
506 3657 605 3742 cujus
627 3655 863 3720 familiaritate
885 3655 1006 3732 sretuS,
1027 3655 1109 3718 licet

158 3758 343 3822 multorum
368 3759 592 3840 impeteretur
616 3756 708 3834 odio,
735 3756 828 3821 dulci
854 3764 970 3820 tamen
1000 3755 1108 3818 vitam

156 3859 369 3941 consumpsit
381 3859 464 3936 otio,
475 3865 510 3922 et
524 3851 723 3940 ³Egsertum
733 3856 853 3932 filium,
865 3862 946 3919 ante
962 3862 1108 3918 mortem

192 4060 200 4092 ¹
213 4062 363 4126 Etbelredi.]
380 4061 528 4121 Aethelred,
536 4076 564 4110 or
571 4061 611 4109 Ae
682 4057 818 4109 ²dm‘rnom
830 4060 856 4108 in
867 4058 949 4121 requie
959 4057 1031 4120 erec]
1056 4056 1110 4105 Ad·

156 4133 292 4192 thelberht,
311 4132 339 4180 of
356 4132 540 4181 Northumbria
562 4131 622 4180 died
648 4133 703 4180 rien
715 4131 775 4179 died
785 4130 846 4180 aeth
858 4129 999 4178 December
1010 4131 1067 4176 795.

157 4204 216 4253 loth
229 4203 305 4265 April
317 4207 375 4252 796.
685 4198 837 4262 ³Egscrtum
842 4199 936 4265 filium,
944 4202 1000 4247 ante
1011 4202 1111 4246 mortem

936 4292 957 4336 Κ
