<?xml version="1.0" encoding="UTF-8"?>
<!DOCTYPE html PUBLIC "-//W3C//DTD XHTML 1.0 Transitional//EN"
    "http://www.w3.org/TR/xhtml1/DTD/xhtml1-transitional.dtd">
<html xmlns="http://www.w3.org/1999/xhtml" xml:lang="en" lang="en">
 <head>
  <title>
</title>
<meta http-equiv="Content-Type" content="text/html;charset=utf-8" />
  <meta name='ocr-system' content='tesseract 3.04.00' />
  <meta name='ocr-capabilities' content='ocr_page ocr_carea ocr_par ocr_line ocrx_word'/>
</head>
<body>
  <div class='ocr_page' id='page_1' title='image "./gestaregumanglo01willgoog_0253.png"; bbox 0 0 2858 4890; ppageno 0'>
   <div class='ocr_carea' id='block_1_1' title="bbox 164 355 1116 435">
    <p class='ocr_par' dir='ltr' id='par_1_1' title="bbox 164 355 1116 435">
     <span class='ocr_line' id='line_1_1' title="bbox 164 355 1116 435; baseline 0.008 -19"><span class='ocrx_word' id='word_1_1' title='bbox 164 370 232 417; x_wconf 79' lang='lat' dir='ltr'><strong>nie.</strong></span> <span class='ocrx_word' id='word_1_2' title='bbox 251 355 306 435; x_wconf 92' lang='lat'><strong>11.]</strong></span> <span class='ocrx_word' id='word_1_3' title='bbox 389 373 502 420; x_wconf 76' lang='lat' dir='ltr'><strong>cnsrx</strong></span> <span class='ocrx_word' id='word_1_4' title='bbox 526 373 652 420; x_wconf 83' lang='lat' dir='ltr'><strong>nncuu</strong></span> <span class='ocrx_word' id='word_1_5' title='bbox 677 372 891 421; x_wconf 71' lang='lat' dir='ltr'><strong>rucconuu.</strong></span> <span class='ocrx_word' id='word_1_6' title='bbox 1050 360 1116 424; x_wconf 82' lang='lat'><strong>213</strong></span> 
     </span>
    </p>
   </div>
   <div class='ocr_carea' id='block_1_2' title="bbox 135 529 1166 3795">
    <p class='ocr_par' dir='ltr' id='par_1_2' title="bbox 135 529 1166 3795">
     <span class='ocr_line' id='line_1_2' title="bbox 158 529 1116 614; baseline 0.006 -23"><span class='ocrx_word' id='word_1_7' title='bbox 158 529 311 612; x_wconf 89' lang='lat' dir='ltr'><strong>jussum,</strong></span> <span class='ocrx_word' id='word_1_8' title='bbox 339 531 413 611; x_wconf 89' lang='lat' dir='ltr'><strong>ipse</strong></span> <span class='ocrx_word' id='word_1_9' title='bbox 441 530 484 593; x_wconf 91' lang='lat' dir='ltr'><strong>de</strong></span> <span class='ocrx_word' id='word_1_10' title='bbox 513 549 612 593; x_wconf 93' lang='lat' dir='ltr'><strong>sacro</strong></span> <span class='ocrx_word' id='word_1_11' title='bbox 640 529 736 594; x_wconf 84' lang='lat' dir='ltr'><strong>fonte</strong></span> <span class='ocrx_word' id='word_1_12' title='bbox 766 531 929 614; x_wconf 82' lang='lat' dir='ltr'>suscepit.</span> <span class='ocrx_word' id='word_1_13' title='bbox 993 531 1116 597; x_wconf 81' lang='lat' dir='ltr'><strong>Evasit</strong></span> 
     </span>
     <span class='ocr_line' id='line_1_3' title="bbox 164 628 1115 713; baseline 0.003 -21"><span class='ocrx_word' id='word_1_14' title='bbox 164 636 281 693; x_wconf 88' lang='lat' dir='ltr'><strong>tamen</strong></span> <span class='ocrx_word' id='word_1_15' title='bbox 308 628 528 706; x_wconf 77' lang='lat' dir='ltr'><strong>GodefriduS,</strong></span> <span class='ocrx_word' id='word_1_16' title='bbox 552 631 643 694; x_wconf 91' lang='lat' dir='ltr'><strong>inter</strong></span> <span class='ocrx_word' id='word_1_17' title='bbox 665 637 854 713; x_wconf 90' lang='lat' dir='ltr'><strong>apparatus</strong></span> <span class='ocrx_word' id='word_1_18' title='bbox 879 631 1115 695; x_wconf 81' lang='lat' dir='ltr'><strong>itinerantium</strong></span> 
     </span>
     <span class='ocr_line' id='line_1_4' title="bbox 165 727 1115 813; baseline 0.005 -22"><span class='ocrx_word' id='word_1_19' title='bbox 165 727 250 810; x_wconf 82' lang='lat' dir='ltr'><strong>fuga</strong></span> <span class='ocrx_word' id='word_1_20' title='bbox 272 749 350 792; x_wconf 93' lang='lat' dir='ltr'><strong>cum</strong></span> <span class='ocrx_word' id='word_1_21' title='bbox 377 730 526 810; x_wconf 91' lang='lat' dir='ltr'><strong>quodam</strong></span> <span class='ocrx_word' id='word_1_22' title='bbox 547 730 722 806; x_wconf 86' lang='lat' dir='ltr'><strong>Turfrido,</strong></span> <span class='ocrx_word' id='word_1_23' title='bbox 736 730 949 796; x_wconf 89' lang='lat' dir='ltr'><strong>diversarum</strong></span> <span class='ocrx_word' id='word_1_24' title='bbox 963 733 1115 813; x_wconf 87' lang='lat' dir='ltr'><strong>partium</strong></span> 
     </span>
     <span class='ocr_line' id='line_1_5' title="bbox 165 828 1114 915; baseline 0.005 -24"><span class='ocrx_word' id='word_1_25' title='bbox 165 828 264 905; x_wconf 92' lang='lat' dir='ltr'><strong>duce,</strong></span> <span class='ocrx_word' id='word_1_26' title='bbox 288 829 426 913; x_wconf 89' lang='lat' dir='ltr'><strong>lapsus;</strong></span> <span class='ocrx_word' id='word_1_27' title='bbox 450 850 600 911; x_wconf 84' lang='lat' dir='ltr'><strong>moxque</strong></span> <span class='ocrx_word' id='word_1_28' title='bbox 616 830 810 893; x_wconf 86' lang='lat' dir='ltr'>Eboracum</span> <span class='ocrx_word' id='word_1_29' title='bbox 824 832 997 908; x_wconf 90' lang='lat' dir='ltr'><strong>obsidens,</strong></span> <span class='ocrx_word' id='word_1_30' title='bbox 1016 833 1114 915; x_wconf 93' lang='lat' dir='ltr'><strong>oppi-</strong></span> 
     </span>
     <span class='ocr_line' id='line_1_6' title="bbox 165 922 1113 1012; baseline 0.004 -21"><span class='ocrx_word' id='word_1_31' title='bbox 165 929 342 1010; x_wconf 82' lang='lat' dir='ltr'><strong>danosque</strong></span> <span class='ocrx_word' id='word_1_32' title='bbox 371 950 462 993; x_wconf 92' lang='lat' dir='ltr'><strong>nunc</strong></span> <span class='ocrx_word' id='word_1_33' title='bbox 476 922 646 1012; x_wconf 71' lang='lat' dir='ltr'><strong>&#39;precibus</strong></span> <span class='ocrx_word' id='word_1_34' title='bbox 674 950 765 993; x_wconf 90' lang='lat' dir='ltr'><strong>nunc</strong></span> <span class='ocrx_word' id='word_1_35' title='bbox 794 931 896 994; x_wconf 91' lang='lat' dir='ltr'><strong>minis</strong></span> <span class='ocrx_word' id='word_1_36' title='bbox 925 931 969 994; x_wconf 93' lang='lat' dir='ltr'><strong>ad</strong></span> <span class='ocrx_word' id='word_1_37' title='bbox 1000 930 1113 996; x_wconf 83' lang='lat' dir='ltr'><strong>desec-</strong></span> 
     </span>
     <span class='ocr_line' id='line_1_7' title="bbox 166 1029 1115 1114; baseline 0.004 -22"><span class='ocrx_word' id='word_1_38' title='bbox 166 1029 295 1092; x_wconf 81' lang='lat' dir='ltr'><strong>tionem</strong></span> <span class='ocrx_word' id='word_1_39' title='bbox 311 1029 500 1106; x_wconf 73' lang='lat' dir='ltr'><strong>solicitam,</strong></span> <span class='ocrx_word' id='word_1_40' title='bbox 516 1037 550 1093; x_wconf 91' lang='lat' dir='ltr'><strong>et</strong></span> <span class='ocrx_word' id='word_1_41' title='bbox 568 1036 728 1093; x_wconf 92' lang='lat' dir='ltr'><strong>neutrum</strong></span> <span class='ocrx_word' id='word_1_42' title='bbox 742 1051 805 1113; x_wconf 93' lang='lat' dir='ltr'><strong>pro</strong></span> <span class='ocrx_word' id='word_1_43' title='bbox 820 1039 902 1095; x_wconf 89' lang='lat' dir='ltr'><strong>voto</strong></span> <span class='ocrx_word' id='word_1_44' title='bbox 917 1031 1115 1114; x_wconf 84' lang='lat' dir='ltr'><strong>expediens,</strong></span> 
     </span>
     <span class='ocr_line' id='line_1_8' title="bbox 166 1129 1114 1212; baseline 0.004 -21"><span class='ocrx_word' id='word_1_45' title='bbox 166 1129 343 1193; x_wconf 80' lang='lat' dir='ltr'><strong>abscessit.</strong></span> <span class='ocrx_word' id='word_1_46' title='bbox 396 1129 473 1193; x_wconf 90' lang='lat' dir='ltr'><strong>Nec</strong></span> <span class='ocrx_word' id='word_1_47' title='bbox 503 1130 612 1193; x_wconf 88' lang='lat' dir='ltr'><strong>multo</strong></span> <span class='ocrx_word' id='word_1_48' title='bbox 643 1136 735 1212; x_wconf 90' lang='lat' dir='ltr'><strong>post,</strong></span> <span class='ocrx_word' id='word_1_49' title='bbox 763 1131 799 1193; x_wconf 95' lang='lat' dir='ltr'><strong>in</strong></span> <span class='ocrx_word' id='word_1_50' title='bbox 830 1132 979 1212; x_wconf 91' lang='lat' dir='ltr'><strong>quodam</strong></span> <span class='ocrx_word' id='word_1_51' title='bbox 1000 1138 1114 1195; x_wconf 89' lang='lat' dir='ltr'><strong>castro</strong></span> 
     </span>
     <span class='ocr_line' id='line_1_9' title="bbox 166 1229 1114 1314; baseline 0.002 -22"><span class='ocrx_word' id='word_1_52' title='bbox 166 1231 266 1292; x_wconf 91' lang='lat' dir='ltr'><strong>ambo</strong></span> <span class='ocrx_word' id='word_1_53' title='bbox 288 1229 452 1307; x_wconf 87' lang='lat' dir='ltr'><strong>conclusi,</strong></span> <span class='ocrx_word' id='word_1_54' title='bbox 475 1230 740 1294; x_wconf 88' lang='lat' dir='ltr'><strong>custodientium</strong></span> <span class='ocrx_word' id='word_1_55' title='bbox 762 1232 1008 1314; x_wconf 85' lang='lat' dir='ltr'><strong>perspicaciam</strong></span> <span class='ocrx_word' id='word_1_56' title='bbox 1024 1230 1114 1313; x_wconf 80' lang='lat' dir='ltr'><strong>fugi-</strong></span> 
     </span>
     <span class='ocr_line' id='line_1_10' title="bbox 166 1329 1114 1411; baseline 0.002 -19"><span class='ocrx_word' id='word_1_57' title='bbox 166 1329 254 1392; x_wconf 91' lang='lat' dir='ltr'><strong>endo</strong></span> <span class='ocrx_word' id='word_1_58' title='bbox 282 1329 463 1408; x_wconf 82' lang='lat' dir='ltr'><strong>luserunt3</strong></span> <span class='ocrx_word' id='word_1_59' title='bbox 496 1349 642 1411; x_wconf 91' lang='lat' dir='ltr'><strong>qnorum</strong></span> <span class='ocrx_word' id='word_1_60' title='bbox 664 1330 846 1393; x_wconf 87' lang='lat' dir='ltr'><strong>Turfridus</strong></span> <span class='ocrx_word' id='word_1_61' title='bbox 868 1337 1002 1394; x_wconf 90' lang='lat' dir='ltr'><strong>mature</strong></span> <span class='ocrx_word' id='word_1_62' title='bbox 1024 1331 1114 1394; x_wconf 91' lang='lat' dir='ltr'><strong>diem</strong></span> 
     </span>
     <span class='ocr_line' id='line_1_11' title="bbox 166 1429 1114 1514; baseline 0.002 -22"><span class='ocrx_word' id='word_1_63' title='bbox 166 1430 252 1492; x_wconf 92' lang='lat' dir='ltr'><strong>obiit</strong></span> <span class='ocrx_word' id='word_1_64' title='bbox 266 1431 302 1492; x_wconf 92' lang='lat' dir='ltr'><strong>in</strong></span> <span class='ocrx_word' id='word_1_65' title='bbox 318 1430 444 1512; x_wconf 85' lang='lat' dir='ltr'><strong>pelago</strong></span> <span class='ocrx_word' id='word_1_66' title='bbox 464 1429 666 1510; x_wconf 68' lang='lat' dir='ltr'><strong>naufragus</strong></span> <span class='ocrx_word' id='word_1_67' title='bbox 688 1430 808 1511; x_wconf 88' lang='lat' dir='ltr'><strong>praeda</strong></span> <span class='ocrx_word' id='word_1_68' title='bbox 831 1430 983 1513; x_wconf 91' lang='lat' dir='ltr'><strong>piscibus</strong></span> <span class='ocrx_word' id='word_1_69' title='bbox 1005 1449 1114 1514; x_wconf 89' lang='lat' dir='ltr'><strong>expo-</strong></span> 
     </span>
     <span class='ocr_line' id='line_1_12' title="bbox 165 1529 1114 1613; baseline 0.002 -21"><span class='ocrx_word' id='word_1_70' title='bbox 165 1529 264 1593; x_wconf 89' lang='lat' dir='ltr'><strong>situs.</strong></span> <span class='ocrx_word' id='word_1_71' title='bbox 318 1529 538 1606; x_wconf 88' lang='lat' dir='ltr'><strong>Godefridus,</strong></span> <span class='ocrx_word' id='word_1_72' title='bbox 554 1529 671 1593; x_wconf 91' lang='lat' dir='ltr'><strong>multis</strong></span> <span class='ocrx_word' id='word_1_73' title='bbox 688 1530 833 1593; x_wconf 90' lang='lat' dir='ltr'><strong>miseriis</strong></span> <span class='ocrx_word' id='word_1_74' title='bbox 849 1537 943 1594; x_wconf 87' lang='lat' dir='ltr'><strong>terra</strong></span> <span class='ocrx_word' id='word_1_75' title='bbox 959 1530 1114 1613; x_wconf 88' lang='lat' dir='ltr'><strong>marique</strong></span> 
     </span>
     <span class='ocr_line' id='line_1_13' title="bbox 160 1629 1112 1712; baseline 0.002 -20"><span class='ocrx_word' id='word_1_76' title='bbox 160 1629 328 1712; x_wconf 89' lang='lat' dir='ltr'><strong>jactatus,</strong></span> <span class='ocrx_word' id='word_1_77' title='bbox 357 1630 401 1693; x_wconf 92' lang='lat' dir='ltr'><strong>ad</strong></span> <span class='ocrx_word' id='word_1_78' title='bbox 427 1637 639 1712; x_wconf 91' lang='lat' dir='ltr'><strong>postremum</strong></span> <span class='ocrx_word' id='word_1_79' title='bbox 668 1630 816 1712; x_wconf 88' lang='lat' dir='ltr'><strong>supplex</strong></span> <span class='ocrx_word' id='word_1_80' title='bbox 843 1630 974 1693; x_wconf 92' lang='lat' dir='ltr'><strong>curiam</strong></span> <span class='ocrx_word' id='word_1_81' title='bbox 996 1632 1112 1694; x_wconf 89' lang='lat' dir='ltr'><strong>venit:</strong></span> 
     </span>
     <span class='ocr_line' id='line_1_14' title="bbox 165 1729 1114 1813; baseline 0.001 -21"><span class='ocrx_word' id='word_1_82' title='bbox 165 1730 213 1792; x_wconf 93' lang='lat' dir='ltr'><strong>ibi</strong></span> <span class='ocrx_word' id='word_1_83' title='bbox 235 1730 377 1813; x_wconf 88' lang='lat' dir='ltr'><strong>pacifice</strong></span> <span class='ocrx_word' id='word_1_84' title='bbox 397 1749 419 1793; x_wconf 89' lang='lat' dir='ltr'><strong>a</strong></span> <span class='ocrx_word' id='word_1_85' title='bbox 436 1750 517 1810; x_wconf 83' lang='lat' dir='ltr'><strong>rege</strong></span> <span class='ocrx_word' id='word_1_86' title='bbox 539 1736 732 1811; x_wconf 90' lang='lat' dir='ltr'><strong>susceptus,</strong></span> <span class='ocrx_word' id='word_1_87' title='bbox 756 1737 972 1812; x_wconf 88' lang='lat' dir='ltr'><strong>quatuorque</strong></span> <span class='ocrx_word' id='word_1_88' title='bbox 994 1729 1114 1793; x_wconf 92' lang='lat' dir='ltr'><strong>diebus</strong></span> 
     </span>
     <span class='ocr_line' id='line_1_15' title="bbox 165 1829 1113 1911; baseline 0.004 -20"><span class='ocrx_word' id='word_1_89' title='bbox 165 1829 401 1911; x_wconf 86' lang='lat' dir='ltr'><strong>profusissime</strong></span> <span class='ocrx_word' id='word_1_90' title='bbox 427 1849 504 1892; x_wconf 89' lang='lat' dir='ltr'><strong>curn</strong></span> <span class='ocrx_word' id='word_1_91' title='bbox 524 1849 565 1892; x_wconf 92' lang='lat' dir='ltr'><strong>eo</strong></span> <span class='ocrx_word' id='word_1_92' title='bbox 583 1831 799 1907; x_wconf 68' lang='lat' dir='ltr'><strong>convivatus</strong></span> <span class='ocrx_word' id='word_1_93' title='bbox 825 1849 932 1894; x_wconf 89' lang='lat' dir='ltr'><strong>naves</strong></span> <span class='ocrx_word' id='word_1_94' title='bbox 956 1849 1037 1893; x_wconf 90' lang='lat' dir='ltr'><strong>suas</strong></span> <span class='ocrx_word' id='word_1_95' title='bbox 1060 1851 1113 1895; x_wconf 90' lang='lat' dir='ltr'><strong>re-</strong></span> 
     </span>
     <span class='ocr_line' id='line_1_16' title="bbox 166 1929 1114 2013; baseline 0.002 -21"><span class='ocrx_word' id='word_1_96' title='bbox 166 1930 279 2011; x_wconf 90' lang='lat' dir='ltr'><strong>petiit,</strong></span> <span class='ocrx_word' id='word_1_97' title='bbox 295 1930 410 2012; x_wconf 90' lang='lat' dir='ltr'><strong>pirata</strong></span> <span class='ocrx_word' id='word_1_98' title='bbox 424 1936 536 2007; x_wconf 93' lang='lat' dir='ltr'><strong>vetus,</strong></span> <span class='ocrx_word' id='word_1_99' title='bbox 551 1937 586 1993; x_wconf 88' lang='lat' dir='ltr'><strong>ct</strong></span> <span class='ocrx_word' id='word_1_100' title='bbox 603 1930 638 1992; x_wconf 93' lang='lat' dir='ltr'><strong>in</strong></span> <span class='ocrx_word' id='word_1_101' title='bbox 655 1949 747 2012; x_wconf 89' lang='lat' dir='ltr'><strong>aqua</strong></span> <span class='ocrx_word' id='word_1_102' title='bbox 762 1931 852 1994; x_wconf 93' lang='lat' dir='ltr'><strong>sicut</strong></span> <span class='ocrx_word' id='word_1_103' title='bbox 870 1930 975 2013; x_wconf 91' lang='lat' dir='ltr'><strong>piscis</strong></span> <span class='ocrx_word' id='word_1_104' title='bbox 997 1929 1114 1994; x_wconf 90' lang='lat' dir='ltr'><strong>vivere</strong></span> 
     </span>
     <span class='ocr_line' id='line_1_17' title="bbox 167 2029 1115 2111; baseline 0.001 -18"><span class='ocrx_word' id='word_1_105' title='bbox 167 2038 339 2094; x_wconf 90' lang='lat' dir='ltr'><strong>assuetus.</strong></span> <span class='ocrx_word' id='word_1_106' title='bbox 408 2029 633 2093; x_wconf 90' lang='lat' dir='ltr'><strong>Ethelstanus</strong></span> <span class='ocrx_word' id='word_1_107' title='bbox 664 2030 797 2094; x_wconf 88' lang='lat' dir='ltr'><strong>interea</strong></span> <span class='ocrx_word' id='word_1_108' title='bbox 825 2037 989 2108; x_wconf 89' lang='lat' dir='ltr'><strong>castrum,</strong></span> <span class='ocrx_word' id='word_1_109' title='bbox 1023 2031 1115 2111; x_wconf 90' lang='lat' dir='ltr'><strong>quod</strong></span> 
     </span>
     <span class='ocr_line' id='line_1_18' title="bbox 167 2130 1115 2207; baseline 0.001 -15"><span class='ocrx_word' id='word_1_110' title='bbox 167 2130 249 2192; x_wconf 92' lang='lat' dir='ltr'><strong>olim</strong></span> <span class='ocrx_word' id='word_1_111' title='bbox 275 2130 369 2194; x_wconf 92' lang='lat' dir='ltr'><strong>Dani</strong></span> <span class='ocrx_word' id='word_1_112' title='bbox 393 2130 429 2193; x_wconf 92' lang='lat' dir='ltr'><strong>in</strong></span> <span class='ocrx_word' id='word_1_113' title='bbox 454 2130 610 2194; x_wconf 89' lang='lat' dir='ltr'><strong>Eboraco</strong></span> <span class='ocrx_word' id='word_1_114' title='bbox 634 2131 913 2207; x_wconf 87' lang='lat' dir='ltr'><strong>obfirmaverant,</strong></span> <span class='ocrx_word' id='word_1_115' title='bbox 936 2131 980 2193; x_wconf 90' lang='lat' dir='ltr'><strong>ad</strong></span> <span class='ocrx_word' id='word_1_116' title='bbox 1004 2130 1115 2194; x_wconf 89' lang='lat' dir='ltr'><strong>solum</strong></span> 
     </span>
     <span class='ocr_line' id='line_1_19' title="bbox 166 2230 1113 2313; baseline 0.003 -21"><span class='ocrx_word' id='word_1_117' title='bbox 166 2230 283 2307; x_wconf 89' lang='lat' dir='ltr'><strong>diruit,</strong></span> <span class='ocrx_word' id='word_1_118' title='bbox 313 2250 356 2293; x_wconf 90' lang='lat' dir='ltr'><strong>ne</strong></span> <span class='ocrx_word' id='word_1_119' title='bbox 379 2237 470 2293; x_wconf 89' lang='lat' dir='ltr'><strong>esset</strong></span> <span class='ocrx_word' id='word_1_120' title='bbox 498 2250 567 2311; x_wconf 92' lang='lat' dir='ltr'><strong>quo</strong></span> <span class='ocrx_word' id='word_1_121' title='bbox 595 2250 632 2293; x_wconf 89' lang='lat' dir='ltr'><strong>se</strong></span> <span class='ocrx_word' id='word_1_122' title='bbox 662 2231 769 2294; x_wconf 90' lang='lat' dir='ltr'><strong>tutari</strong></span> <span class='ocrx_word' id='word_1_123' title='bbox 798 2230 943 2313; x_wconf 89' lang='lat' dir='ltr'><strong>perfidia</strong></span> <span class='ocrx_word' id='word_1_124' title='bbox 973 2237 1113 2313; x_wconf 88' lang='lat' dir='ltr'><strong>posset:</strong></span> 
     </span>
     <span class='ocr_line' id='line_1_20' title="bbox 167 2330 1115 2414; baseline 0.002 -22"><span class='ocrx_word' id='word_1_125' title='bbox 167 2330 286 2413; x_wconf 84' lang='lat' dir='ltr'><strong>praeda</strong></span> <span class='ocrx_word' id='word_1_126' title='bbox 301 2350 378 2412; x_wconf 87' lang='lat' dir='ltr'><strong>quae</strong></span> <span class='ocrx_word' id='word_1_127' title='bbox 393 2330 429 2392; x_wconf 93' lang='lat' dir='ltr'><strong>in</strong></span> <span class='ocrx_word' id='word_1_128' title='bbox 443 2337 558 2394; x_wconf 90' lang='lat' dir='ltr'><strong>castro</strong></span> <span class='ocrx_word' id='word_1_129' title='bbox 573 2337 710 2413; x_wconf 89' lang='lat' dir='ltr'><strong>reperta</strong></span> <span class='ocrx_word' id='word_1_130' title='bbox 724 2331 849 2407; x_wconf 87' lang='lat' dir='ltr'><strong>fuerat,</strong></span> <span class='ocrx_word' id='word_1_131' title='bbox 871 2338 907 2395; x_wconf 90' lang='lat' dir='ltr'><strong>et</strong></span> <span class='ocrx_word' id='word_1_132' title='bbox 921 2349 963 2394; x_wconf 92' lang='lat' dir='ltr'><strong>ea</strong></span> <span class='ocrx_word' id='word_1_133' title='bbox 977 2331 1115 2414; x_wconf 90' lang='lat' dir='ltr'><strong>quidem</strong></span> 
     </span>
     <span class='ocr_line' id='line_1_21' title="bbox 167 2430 1115 2513; baseline 0.002 -20"><span class='ocrx_word' id='word_1_134' title='bbox 167 2431 390 2513; x_wconf 89' lang='lat' dir='ltr'><strong>amplissima,</strong></span> <span class='ocrx_word' id='word_1_135' title='bbox 417 2430 600 2511; x_wconf 83' lang='lat' dir='ltr'><strong>magnifice</strong></span> <span class='ocrx_word' id='word_1_136' title='bbox 628 2438 664 2494; x_wconf 91' lang='lat' dir='ltr'><strong>ct</strong></span> <span class='ocrx_word' id='word_1_137' title='bbox 691 2431 819 2494; x_wconf 91' lang='lat' dir='ltr'><strong>viritim</strong></span> <span class='ocrx_word' id='word_1_138' title='bbox 847 2431 970 2495; x_wconf 89' lang='lat' dir='ltr'><strong>divisa.</strong></span> <span class='ocrx_word' id='word_1_139' title='bbox 1034 2430 1115 2495; x_wconf 92' lang='lat' dir='ltr'><strong>Hoc</strong></span> 
     </span>
     <span class='ocr_line' id='line_1_22' title="bbox 166 2530 1116 2612; baseline 0.001 -18"><span class='ocrx_word' id='word_1_140' title='bbox 166 2531 257 2594; x_wconf 90' lang='lat' dir='ltr'><strong>enim</strong></span> <span class='ocrx_word' id='word_1_141' title='bbox 289 2532 342 2594; x_wconf 93' lang='lat' dir='ltr'><strong>vir</strong></span> <span class='ocrx_word' id='word_1_142' title='bbox 370 2530 428 2593; x_wconf 94' lang='lat' dir='ltr'><strong>ille</strong></span> <span class='ocrx_word' id='word_1_143' title='bbox 456 2531 570 2595; x_wconf 91' lang='lat' dir='ltr'><strong>animo</strong></span> <span class='ocrx_word' id='word_1_144' title='bbox 599 2531 830 2612; x_wconf 90' lang='lat' dir='ltr'><strong>imperaverat</strong></span> <span class='ocrx_word' id='word_1_145' title='bbox 856 2550 931 2607; x_wconf 90' lang='lat' dir='ltr'><strong>suo,</strong></span> <span class='ocrx_word' id='word_1_146' title='bbox 961 2537 1001 2594; x_wconf 93' lang='lat' dir='ltr'><strong>ut</strong></span> <span class='ocrx_word' id='word_1_147' title='bbox 1030 2531 1116 2595; x_wconf 90' lang='lat' dir='ltr'><strong>nihil</strong></span> 
     </span>
     <span class='ocr_line' id='line_1_23' title="bbox 167 2630 1114 2714; baseline -0.002 -18"><span class='ocrx_word' id='word_1_148' title='bbox 167 2651 272 2714; x_wconf 92' lang='lat' dir='ltr'><strong>opum</strong></span> <span class='ocrx_word' id='word_1_149' title='bbox 296 2631 339 2694; x_wconf 90' lang='lat' dir='ltr'><strong>ad</strong></span> <span class='ocrx_word' id='word_1_150' title='bbox 362 2650 541 2693; x_wconf 88' lang='lat' dir='ltr'><strong>crumenas</strong></span> <span class='ocrx_word' id='word_1_151' title='bbox 564 2630 782 2710; x_wconf 91' lang='lat' dir='ltr'><strong>corraderet;</strong></span> <span class='ocrx_word' id='word_1_152' title='bbox 809 2630 869 2694; x_wconf 92' lang='lat' dir='ltr'><strong>sed</strong></span> <span class='ocrx_word' id='word_1_153' title='bbox 895 2630 1011 2694; x_wconf 91' lang='lat' dir='ltr'><strong>omnia</strong></span> <span class='ocrx_word' id='word_1_154' title='bbox 1032 2650 1114 2694; x_wconf 93' lang='lat' dir='ltr'><strong>con-</strong></span> 
     </span>
     <span class='ocr_line' id='line_1_24' title="bbox 167 2730 1114 2813; baseline -0.001 -19"><span class='ocrx_word' id='word_1_155' title='bbox 167 2732 308 2813; x_wconf 92' lang='lat' dir='ltr'><strong>quisita,</strong></span> <span class='ocrx_word' id='word_1_156' title='bbox 332 2731 386 2794; x_wconf 91' lang='lat' dir='ltr'><strong>vel</strong></span> <span class='ocrx_word' id='word_1_157' title='bbox 410 2731 640 2806; x_wconf 72' lang='lat' dir='ltr'><strong>monasteriis</strong></span> <span class='ocrx_word' id='word_1_158' title='bbox 660 2730 715 2794; x_wconf 89' lang='lat' dir='ltr'><strong>vel</strong></span> <span class='ocrx_word' id='word_1_159' title='bbox 732 2730 889 2793; x_wconf 90' lang='lat' dir='ltr'><strong>fidelibus</strong></span> <span class='ocrx_word' id='word_1_160' title='bbox 904 2731 988 2807; x_wconf 89' lang='lat' dir='ltr'><strong>suis,</strong></span> <span class='ocrx_word' id='word_1_161' title='bbox 1002 2732 1114 2794; x_wconf 92' lang='lat' dir='ltr'><strong>muni-</strong></span> 
     </span>
     <span class='ocr_line' id='line_1_25' title="bbox 169 2824 1114 2913; baseline 0 -19"><span class='ocrx_word' id='word_1_162' title='bbox 169 2831 254 2894; x_wconf 87' lang='lat' dir='ltr'><strong>licus</strong></span> <span class='ocrx_word' id='word_1_163' title='bbox 269 2831 490 2913; x_wconf 87' lang='lat' dir='ltr'><strong>expenderet.</strong></span> <span class='ocrx_word' id='word_1_164' title='bbox 531 2830 575 2892; x_wconf 91' lang='lat' dir='ltr'><strong>In</strong></span> <span class='ocrx_word' id='word_1_165' title='bbox 593 2824 674 2893; x_wconf 89' lang='lat' dir='ltr'><strong>¹hoc</strong></span> <span class='ocrx_word' id='word_1_166' title='bbox 690 2830 872 2895; x_wconf 83' lang='lat' dir='ltr'><strong>thesauros</strong></span> <span class='ocrx_word' id='word_1_167' title='bbox 889 2836 1064 2912; x_wconf 89' lang='lat' dir='ltr'><strong>paternos,</strong></span> <span class='ocrx_word' id='word_1_168' title='bbox 1078 2831 1114 2894; x_wconf 93' lang='lat' dir='ltr'><strong>in</strong></span> 
     </span>
     <span class='ocr_line' id='line_1_26' title="bbox 169 2930 1114 3007; baseline 0.001 -14"><span class='ocrx_word' id='word_1_169' title='bbox 169 2931 234 2995; x_wconf 93' lang='lat' dir='ltr'><strong>hoc</strong></span> <span class='ocrx_word' id='word_1_170' title='bbox 249 2932 468 2995; x_wconf 91' lang='lat' dir='ltr'><strong>victoriarum</strong></span> <span class='ocrx_word' id='word_1_171' title='bbox 485 2950 626 2994; x_wconf 89' lang='lat' dir='ltr'><strong>suarum</strong></span> <span class='ocrx_word' id='word_1_172' title='bbox 650 2930 781 3007; x_wconf 91' lang='lat' dir='ltr'><strong>titulos,</strong></span> <span class='ocrx_word' id='word_1_173' title='bbox 805 2938 880 2994; x_wconf 89' lang='lat' dir='ltr'><strong>tota</strong></span> <span class='ocrx_word' id='word_1_174' title='bbox 893 2930 967 2993; x_wconf 89' lang='lat' dir='ltr'><strong>vita</strong></span> <span class='ocrx_word' id='word_1_175' title='bbox 989 2949 1114 2994; x_wconf 90' lang='lat' dir='ltr'><strong>evacu-</strong></span> 
     </span>
     <span class='ocr_line' id='line_1_27' title="bbox 169 3029 1116 3112; baseline 0 -18"><span class='ocrx_word' id='word_1_176' title='bbox 169 3032 261 3094; x_wconf 88' lang='lat' dir='ltr'><strong>abat.</strong></span> <span class='ocrx_word' id='word_1_177' title='bbox 304 3031 391 3095; x_wconf 87' lang='lat' dir='ltr'><strong>Deo</strong></span> <span class='ocrx_word' id='word_1_178' title='bbox 414 3031 662 3095; x_wconf 89' lang='lat' dir='ltr'><strong>famulantibus</strong></span> <span class='ocrx_word' id='word_1_179' title='bbox 684 3050 814 3112; x_wconf 90' lang='lat' dir='ltr'><strong>pronus</strong></span> <span class='ocrx_word' id='word_1_180' title='bbox 829 3038 864 3095; x_wconf 88' lang='lat' dir='ltr'><strong>et</strong></span> <span class='ocrx_word' id='word_1_181' title='bbox 881 3029 1003 3106; x_wconf 90' lang='lat' dir='ltr'><strong>dulcis,</strong></span> <span class='ocrx_word' id='word_1_182' title='bbox 1018 3030 1116 3094; x_wconf 91' lang='lat' dir='ltr'><strong>laicis</strong></span> 
     </span>
     <span class='ocr_line' id='line_1_28' title="bbox 163 3130 1118 3216; baseline -0.003 -20"><span class='ocrx_word' id='word_1_183' title='bbox 163 3131 337 3216; x_wconf 91' lang='lat' dir='ltr'><strong>jocundus</strong></span> <span class='ocrx_word' id='word_1_184' title='bbox 372 3137 408 3195; x_wconf 93' lang='lat' dir='ltr'><strong>et</strong></span> <span class='ocrx_word' id='word_1_185' title='bbox 445 3132 563 3208; x_wconf 93' lang='lat' dir='ltr'><strong>comis,</strong></span> <span class='ocrx_word' id='word_1_186' title='bbox 598 3130 818 3212; x_wconf 79' lang='lat' dir='ltr'><strong>magnatibus</strong></span> <span class='ocrx_word' id='word_1_187' title='bbox 856 3151 919 3213; x_wconf 94' lang='lat' dir='ltr'><strong>pro</strong></span> <span class='ocrx_word' id='word_1_188' title='bbox 959 3130 1118 3195; x_wconf 91' lang='lat' dir='ltr'><strong>contuitu</strong></span> 
     </span>
     <span class='ocr_line' id='line_1_29' title="bbox 135 3230 1117 3315; baseline 0 -21"><span class='ocrx_word' id='word_1_189' title='bbox 135 3271 136 3275; x_wconf 58' lang='lat'><em>=</em></span> <span class='ocrx_word' id='word_1_190' title='bbox 168 3231 361 3315; x_wconf 91' lang='lat' dir='ltr'><strong>majestatis</strong></span> <span class='ocrx_word' id='word_1_191' title='bbox 386 3233 507 3308; x_wconf 78' lang='lat' dir='ltr'><strong>seriuS,</strong></span> <span class='ocrx_word' id='word_1_192' title='bbox 531 3231 720 3294; x_wconf 90' lang='lat' dir='ltr'><strong>minoribus</strong></span> <span class='ocrx_word' id='word_1_193' title='bbox 744 3250 808 3313; x_wconf 93' lang='lat' dir='ltr'><strong>pro</strong></span> <span class='ocrx_word' id='word_1_194' title='bbox 830 3230 1117 3294; x_wconf 88' lang='lat' dir='ltr'><strong>condescensione</strong></span> 
     </span>
     <span class='ocr_line' id='line_1_30' title="bbox 168 3325 1118 3414; baseline -0.002 -20"><span class='ocrx_word' id='word_1_195' title='bbox 168 3325 180 3361; x_wconf 85' lang='lat'><strong>²</strong></span> <span class='ocrx_word' id='word_1_196' title='bbox 186 3331 411 3414; x_wconf 90' lang='lat' dir='ltr'><strong>paupertatis,</strong></span> <span class='ocrx_word' id='word_1_197' title='bbox 435 3332 592 3414; x_wconf 90' lang='lat' dir='ltr'><strong>deposito</strong></span> <span class='ocrx_word' id='word_1_198' title='bbox 608 3331 706 3411; x_wconf 82' lang='lat' dir='ltr'><strong>regni</strong></span> <span class='ocrx_word' id='word_1_199' title='bbox 724 3329 919 3412; x_wconf 90' lang='lat' dir='ltr'><strong>supercilio,</strong></span> <span class='ocrx_word' id='word_1_200' title='bbox 933 3329 1118 3395; x_wconf 87' lang='lat' dir='ltr'><strong>affabiliter</strong></span> 
     </span>
     <span class='ocr_line' id='line_1_31' title="bbox 168 3430 1118 3514; baseline -0.002 -20"><span class='ocrx_word' id='word_1_201' title='bbox 168 3432 314 3495; x_wconf 89' lang='lat' dir='ltr'><strong>sobrius.</strong></span> <span class='ocrx_word' id='word_1_202' title='bbox 366 3431 519 3507; x_wconf 87' lang='lat' dir='ltr'><strong>Statura,</strong></span> <span class='ocrx_word' id='word_1_203' title='bbox 535 3441 575 3494; x_wconf 91' lang='lat' dir='ltr'><strong>ut</strong></span> <span class='ocrx_word' id='word_1_204' title='bbox 586 3431 793 3514; x_wconf 90' lang='lat' dir='ltr'><strong>accepimus,</strong></span> <span class='ocrx_word' id='word_1_205' title='bbox 809 3450 887 3511; x_wconf 87' lang='lat' dir='ltr'><strong>quae</strong></span> <span class='ocrx_word' id='word_1_206' title='bbox 900 3430 1033 3514; x_wconf 89' lang='lat' dir='ltr'><strong>justam</strong></span> <span class='ocrx_word' id='word_1_207' title='bbox 1047 3450 1118 3493; x_wconf 92' lang='lat' dir='ltr'><strong>non</strong></span> 
     </span>
     <span class='ocr_line' id='line_1_32' title="bbox 171 3520 1166 3614; baseline -0.001 -20"><span class='ocrx_word' id='word_1_208' title='bbox 171 3526 382 3607; x_wconf 83' lang='lat' dir='ltr'><strong>³excelleret,</strong></span> <span class='ocrx_word' id='word_1_209' title='bbox 408 3551 550 3614; x_wconf 88' lang='lat' dir='ltr'><strong>corpore</strong></span> <span class='ocrx_word' id='word_1_210' title='bbox 565 3531 732 3609; x_wconf 82' lang='lat' dir='ltr'><strong>deduct03</strong></span> <span class='ocrx_word' id='word_1_211' title='bbox 762 3530 899 3612; x_wconf 91' lang='lat' dir='ltr'><strong>capillo,</strong></span> <span class='ocrx_word' id='word_1_212' title='bbox 916 3524 975 3594; x_wconf 80' lang='lat' dir='ltr'><strong>⁴ut</strong></span> <span class='ocrx_word' id='word_1_213' title='bbox 990 3532 1057 3613; x_wconf 92' lang='lat' dir='ltr'><strong>ipsi</strong></span> <span class='ocrx_word' id='word_1_214' title='bbox 1072 3550 1091 3593; x_wconf 90' lang='lat' dir='ltr'><strong>e</strong></span> <span class='ocrx_word' id='word_1_215' title='bbox 1140 3520 1166 3571; x_wconf 77' lang='lat' dir='ltr'><strong><em>V</em></strong></span> 
     </span>
     <span class='ocr_line' id='line_1_33' title="bbox 169 3630 1100 3714; baseline -0.002 -20"><span class='ocrx_word' id='word_1_216' title='bbox 169 3633 322 3714; x_wconf 89' lang='lat' dir='ltr'><strong>reliquiis</strong></span> <span class='ocrx_word' id='word_1_217' title='bbox 350 3630 510 3708; x_wconf 76' lang='lat' dir='ltr'><strong>vidimuS,</strong></span> <span class='ocrx_word' id='word_1_218' title='bbox 539 3631 642 3708; x_wconf 91' lang='lat' dir='ltr'><strong>flavo,</strong></span> <span class='ocrx_word' id='word_1_219' title='bbox 668 3630 733 3693; x_wconf 89' lang='lat' dir='ltr'><strong>filis</strong></span> <span class='ocrx_word' id='word_1_220' title='bbox 763 3630 876 3693; x_wconf 88' lang='lat' dir='ltr'><strong>aureis</strong></span> <span class='ocrx_word' id='word_1_221' title='bbox 899 3630 1041 3712; x_wconf 92' lang='lat' dir='ltr'><strong>pulchre</strong></span> <span class='ocrx_word' id='word_1_222' title='bbox 1064 3630 1100 3692; x_wconf 92' lang='lat' dir='ltr'><strong>in</strong></span> 
     </span>
     <span class='ocr_line' id='line_1_34' title="bbox 170 3728 1117 3795; baseline -0.005 0"><span class='ocrx_word' id='word_1_223' title='bbox 170 3740 272 3795; x_wconf 89' lang='lat' dir='ltr'><strong>torto.</strong></span> <span class='ocrx_word' id='word_1_224' title='bbox 326 3729 469 3795; x_wconf 86' lang='lat' dir='ltr'><strong>Civibus</strong></span> <span class='ocrx_word' id='word_1_225' title='bbox 500 3731 725 3795; x_wconf 89' lang='lat' dir='ltr'><strong>admiratione</strong></span> <span class='ocrx_word' id='word_1_226' title='bbox 754 3729 967 3792; x_wconf 82' lang='lat' dir='ltr'><strong>fortitudinis</strong></span> <span class='ocrx_word' id='word_1_227' title='bbox 994 3736 1030 3793; x_wconf 88' lang='lat' dir='ltr'><strong>et</strong></span> <span class='ocrx_word' id='word_1_228' title='bbox 1053 3728 1117 3791; x_wconf 92' lang='lat' dir='ltr'><strong>hu-</strong></span> 
     </span>
    </p>
   </div>
   <div class='ocr_carea' id='block_1_3' title="bbox 170 3967 1118 4108">
    <p class='ocr_par' dir='ltr' id='par_1_3' title="bbox 170 3967 1118 4108">
     <span class='ocr_line' id='line_1_35' title="bbox 206 3967 1118 4036; baseline -0.01 -10"><span class='ocrx_word' id='word_1_229' title='bbox 206 3976 214 4008; x_wconf 87' lang='lat'>¹</span> <span class='ocrx_word' id='word_1_230' title='bbox 228 3974 303 4036; x_wconf 74' lang='lat' dir='ltr'><strong>Hoe]</strong></span> <span class='ocrx_word' id='word_1_231' title='bbox 329 3975 363 4025; x_wconf 98' lang='lat' dir='ltr'><strong>A.</strong></span> <span class='ocrx_word' id='word_1_232' title='bbox 378 3977 408 4024; x_wconf 78' lang='lat' dir='ltr'><strong>G.</strong></span> <span class='ocrx_word' id='word_1_233' title='bbox 423 3975 457 4025; x_wconf 91' lang='lat' dir='ltr'><strong>D.</strong></span> <span class='ocrx_word' id='word_1_234' title='bbox 469 3976 502 4025; x_wconf 88' lang='grc' dir='ltr'><strong>Ε.</strong></span> <span class='ocrx_word' id='word_1_235' title='bbox 515 3974 563 4035; x_wconf 80' lang='lat'><strong><em>1..;</em></strong></span> <span class='ocrx_word' id='word_1_236' title='bbox 585 3975 632 4024; x_wconf 90' lang='lat' dir='ltr'><strong>hoc</strong></span> <span class='ocrx_word' id='word_1_237' title='bbox 693 3967 875 4029; x_wconf 73' lang='lat' dir='ltr'><strong>⁸Eoecelleret.]</strong></span> <span class='ocrx_word' id='word_1_238' title='bbox 891 3970 926 4020; x_wconf 91' lang='lat' dir='ltr'><strong>A.</strong></span> <span class='ocrx_word' id='word_1_239' title='bbox 938 3970 967 4020; x_wconf 80' lang='lat' dir='ltr'><strong>S.</strong></span> <span class='ocrx_word' id='word_1_240' title='bbox 982 3971 1012 4018; x_wconf 87' lang='lat' dir='ltr'><strong>C.</strong></span> <span class='ocrx_word' id='word_1_241' title='bbox 1024 3970 1056 4019; x_wconf 87' lang='lat' dir='ltr'><strong>E.</strong></span> <span class='ocrx_word' id='word_1_242' title='bbox 1069 3968 1118 4030; x_wconf 86' lang='lat' dir='ltr'><strong>L.;</strong></span> 
     </span>
     <span class='ocr_line' id='line_1_36' title="bbox 170 4041 896 4108; baseline -0.012 -11"><span class='ocrx_word' id='word_1_243' title='bbox 170 4050 247 4108; x_wconf 89' lang='lat' dir='ltr'><strong>enim,</strong></span> <span class='ocrx_word' id='word_1_244' title='bbox 259 4048 288 4096; x_wconf 77' lang='lat' dir='ltr'><strong>S.</strong></span> <span class='ocrx_word' id='word_1_245' title='bbox 657 4043 800 4103; x_wconf 85' lang='lat' dir='ltr'><strong>excederet,</strong></span> <span class='ocrx_word' id='word_1_246' title='bbox 811 4041 846 4090; x_wconf 89' lang='lat' dir='ltr'><strong>D.</strong></span> <span class='ocrx_word' id='word_1_247' title='bbox 859 4041 896 4089; x_wconf 91' lang='lat' dir='ltr'><strong>M.</strong></span> 
     </span>
    </p>
   </div>
   <div class='ocr_carea' id='block_1_4' title="bbox 171 4103 1118 4251">
    <p class='ocr_par' dir='ltr' id='par_1_4' title="bbox 171 4103 1118 4251">
     <span class='ocr_line' id='line_1_37' title="bbox 206 4103 1118 4181; baseline -0.01 -14"><span class='ocrx_word' id='word_1_248' title='bbox 206 4115 409 4181; x_wconf 77' lang='lat' dir='ltr'><strong>²Paupertotic.]</strong></span> <span class='ocrx_word' id='word_1_249' title='bbox 438 4114 472 4166; x_wconf 90' lang='lat' dir='ltr'><strong>A.</strong></span> <span class='ocrx_word' id='word_1_250' title='bbox 490 4115 524 4165; x_wconf 90' lang='lat' dir='ltr'><strong>D.</strong></span> <span class='ocrx_word' id='word_1_251' title='bbox 537 4115 569 4163; x_wconf 86' lang='grc' dir='ltr'><strong>Ε.</strong></span> <span class='ocrx_word' id='word_1_252' title='bbox 582 4113 633 4172; x_wconf 75' lang='lat'><strong>1..;</strong></span> <span class='ocrx_word' id='word_1_253' title='bbox 693 4109 754 4160; x_wconf 83' lang='lat' dir='ltr'><strong>⁴Ut</strong></span> <span class='ocrx_word' id='word_1_254' title='bbox 764 4111 813 4175; x_wconf 77' lang='lat' dir='ltr'><strong>ipsi</strong></span> <span class='ocrx_word' id='word_1_255' title='bbox 823 4125 854 4159; x_wconf 79' lang='lat' dir='ltr'><strong>ex</strong></span> <span class='ocrx_word' id='word_1_256' title='bbox 865 4109 976 4173; x_wconf 77' lang='lat' dir='ltr'><strong>reliquiis</strong></span> <span class='ocrx_word' id='word_1_257' title='bbox 990 4103 1118 4178; x_wconf 67' lang='lat' dir='ltr'><strong>uidimus]</strong></span> 
     </span>
     <span class='ocr_line' id='line_1_38' title="bbox 171 4179 1026 4251; baseline -0.011 -14"><span class='ocrx_word' id='word_1_258' title='bbox 171 4189 284 4251; x_wconf 86' lang='lat' dir='ltr'><strong>pietatis,</strong></span> <span class='ocrx_word' id='word_1_259' title='bbox 295 4188 325 4237; x_wconf 85' lang='lat' dir='ltr'><strong>S.</strong></span> <span class='ocrx_word' id='word_1_260' title='bbox 339 4189 369 4237; x_wconf 87' lang='lat' dir='ltr'><strong>C.</strong></span> <span class='ocrx_word' id='word_1_261' title='bbox 659 4182 761 4233; x_wconf 87' lang='lat' dir='ltr'><strong><em>D.E.L.</em></strong></span> <span class='ocrx_word' id='word_1_262' title='bbox 771 4197 779 4243; x_wconf 83' lang='lat'>3</span> <span class='ocrx_word' id='word_1_263' title='bbox 795 4182 910 4243; x_wconf 87' lang='lat' dir='ltr'><strong>reliquiis</strong></span> <span class='ocrx_word' id='word_1_264' title='bbox 920 4181 986 4242; x_wconf 83' lang='lat' dir='ltr'><strong>ejus,</strong></span> <span class='ocrx_word' id='word_1_265' title='bbox 998 4179 1026 4229; x_wconf 78' lang='lat' dir='ltr'><strong>S.</strong></span> 
     </span>
    </p>
   </div>
   <div class='ocr_carea' id='block_1_5' title="bbox 0 0 1440 4890">
    <p class='ocr_par' dir='ltr' id='par_1_5' title="bbox 0 0 1440 4890">
     <span class='ocr_line' id='line_1_39' title="bbox 0 0 1440 4890; baseline 0 0"><span class='ocrx_word' id='word_1_266' title='bbox 0 0 1440 4890; x_wconf 95' lang='lat' dir='ltr'><strong> </strong></span> 
     </span>
    </p>
   </div>
  </div>
 </body>
</html>
