2858 4890
161 379 304 459 marn]
392 395 505 444 ersrn
531 395 657 444 neuun
682 394 898 443 nncnonuu.
1051 381 1116 445 163

127 603 131 608 .
160 556 276 612 menta
308 558 449 633 propter
471 559 625 615 nostram
653 551 821 614 malitiam
844 558 881 614 et
904 553 1112 633 superbiam,
1124 573 1228 614 enarrer

160 655 195 711 et
217 650 310 712 mala
333 651 477 714 consilia
498 671 576 733 quae
599 652 737 732 regibus
761 652 942 716 nostriset
966 652 1028 716 tibi
1051 653 1110 717 de·
1124 624 1201 664 mm

159 747 271 811 dimus
293 759 434 833 propter
459 736 717 833 cupiditatem.''
770 751 926 833 Cumque
943 745 1034 816 ¹haec
1049 752 1111 817 do-

158 846 260 912 lendo
287 851 587 931 congemiscerem,
624 859 849 915 cucurrerunt
875 852 919 915 ad
945 871 1000 915 me
1030 852 1110 916 dra·

158 965 274 1025 eones,
296 951 426 1032 apertis
439 959 474 1015 et
489 951 600 1033 plenis
614 950 770 1014 saucibus
796 951 877 1032 igne
894 959 929 1014 et
944 950 1109 1033 sulphure

158 1053 194 1110 et
216 1049 305 1130 pice,
335 1051 491 1115 volentes
513 1071 568 1114 me
591 1051 774 1133 inglutire3
808 1059 846 1115 at
866 1050 989 1115 ductor
1010 1070 1108 1116 meus

156 1147 346 1229 triplicavit
359 1169 463 1232 super
475 1171 530 1214 me
545 1150 652 1228 filum,
671 1170 692 1214 a
705 1151 805 1234 cujus
819 1151 925 1215 radiis
938 1151 1108 1216 claritatis

156 1256 321 1329 superata
334 1257 416 1314 sunt
431 1269 493 1314 ora
513 1250 651 1314 illorum
665 1252 780 1332 ignea,
796 1259 832 1315 et
847 1244 1037 1333 ²pertraxit
1051 1272 1107 1316 mo

155 1348 316 1413 validius,
357 1350 403 1414 Et
425 1351 664 1414 descendimus
686 1351 722 1414 in
744 1370 849 1414 unam
870 1351 1009 1428 vallem,
1026 1371 1105 1434 quae

155 1454 231 1511 erat
252 1442 315 1513 ³ex
338 1469 410 1514 una
433 1459 532 1533 parte
559 1452 753 1527 tenebrosa,
776 1452 901 1514 ardens
922 1451 1019 1516 velut
1043 1451 1106 1515 cli·

156 1547 267 1610 banus
299 1550 411 1631 ignis;
446 1571 491 1614 ex
522 1551 590 1614 alia
617 1570 699 1615 vero
721 1556 821 1632 parte
843 1558 915 1615 tam
940 1551 1105 1615 amoenis-

155 1646 243 1710 sima
271 1656 306 1714 et
336 1649 612 1731 splendidissima
640 1658 680 1713 ut
712 1650 809 1713 nulla
831 1652 965 1713 ratione
991 1650 1105 1714 dicere

155 1747 302 1813 valeam.
334 1749 505 1833 Vertique
522 1769 577 1812 me
595 1757 716 1814 contra
725 1750 943 1814 tenebrosam
958 1757 994 1812 et
1007 1750 1104 1843 flam-

155 1847 340 1914 mivomam
364 1858 511 1933 partem,
525 1850 665 1931 vidique
686 1850 734 1912 ibi
759 1850 893 1932 aliquos
916 1869 1015 1931 reges
1037 1851 1105 1914 mci

156 1949 292 2028 generis
304 1950 341 2012 in
356 1951 491 2031 magnis
507 1949 706 2032 suppliciis:
725 1956 760 2012 et
774 1957 868 2027 tunc,
886 1949 988 2013 nimis
1002 1943 1104 2014 “con-

155 2048 296 2113 strictus
319 2050 492 2131 angustia,
521 2049 644 2132 putavi
664 2069 719 2112 me
741 2050 859 2113 statim
880 2050 917 2112 in
938 2048 1023 2132 ipsis
1045 2050 1104 2114 de·

155 2150 264 2230 mergi
285 2150 463 2232 suppliciis
486 2168 507 2212 a
528 2149 729 2231 gigantibus
751 2150 956 2232 nigerrimis,
970 2149 1031 2231 qui
1051 2150 1105 2233 ip-

155 2266 230 2310 sam
254 2250 381 2313 vallem
403 2250 665 2313 inflammabant
689 2251 823 2313 cunctis
846 2250 1030 2331 generibus
1051 2250 1105 2331 ig·

156 2348 273 2428 nium3
313 2357 349 2412 et
378 2351 479 2414 valde
508 2357 670 2426 tremens,
701 2350 863 2430 glomeris
892 2349 951 2413 filo
978 2349 1105 2413 illumi·

91 2433 95 2441 ’
155 2455 260 2512 nante
280 2450 398 2514 oculos
421 2469 527 2526 meos,
540 2450 612 2513 vidi
635 2470 654 2513 e
677 2450 785 2514 latere
806 2449 908 2513 vallis
930 2449 1107 2533 paulisper

155 2548 328 2613 albescere
344 2548 470 2626 lumen,
485 2550 600 2632 ibique
613 2549 700 2614 duos
711 2551 823 2614 fontes
839 2549 956 2613 fluere.
1004 2548 1104 2613 Unus

155 2657 231 2712 erat
253 2650 395 2713 nimium
419 2650 571 2730 calidus3
604 2651 693 2714 alter
712 2670 795 2714 vero
818 2648 932 2713 clarus
956 2655 992 2712 et
1015 2650 1105 2731 tepi-

155 2747 219 2811 dus
233 2769 240 2813 :
266 2757 301 2814 et
314 2757 414 2813 erant
427 2751 474 2814 ibi
487 2749 556 2814 duo
570 2751 673 2814 dolia.
726 2749 881 2830 Cumque
902 2748 983 2812 illuc
1005 2749 1102 2825 irem,

155 2848 214 2912 filo
228 2849 389 2930 glomeris
406 2857 548 2932 regente
563 2870 702 2932 gressus
717 2868 824 2926 meos,
838 2848 985 2912 intuitus
1000 2866 1104 2929 super

154 2967 261 3012 unum
281 2950 341 3013 ubi
365 2958 441 3014 erat
465 2949 601 3014 fervens
623 2969 726 3032 aqua,
753 2948 822 3013 vidi
843 2948 891 3011 ibi
913 2947 1103 3028 genitorem

155 3069 268 3114 meum
289 3044 532 3115 ⁵Lodowicum
561 3058 654 3114 stare
676 3069 786 3132 usque
814 3048 858 3111 ad
886 3046 1036 3126 semora3
1068 3053 1104 3110 et

154 3151 256 3214 nimis
286 3151 405 3215 dolore
432 3159 656 3233 aggravatus,
680 3158 715 3213 et
748 3167 876 3230 angore
910 3147 1103 3229 perculsus,

155 3249 246 3314 dixit
269 3252 313 3315 ad
330 3271 396 3328 me,
412 3250 595 3314 “Domine
610 3269 707 3313 meus
725 3248 867 3324 Karole,
885 3247 957 3310 noli
970 3248 1101 3311 timere.

155 3349 233 3414 Scio
249 3352 331 3434 quia
356 3358 549 3415 revertetur
571 3369 690 3413 rursus
707 3349 848 3431 spiritus
866 3354 947 3411 tuus
965 3348 1009 3411 ad
1027 3369 1103 3413 cor·

153 3469 219 3532 pus
240 3458 359 3530 tuum3
382 3458 417 3515 et
437 3449 592 3532 permisit
608 3457 644 3513 te
665 3450 762 3513 Deus
783 3449 850 3511 huc
869 3449 985 3513 venire
999 3456 1038 3511 ut
1052 3449 1103 3511 vi·

153 3553 251 3614 deres
275 3558 416 3634 propter
441 3570 520 3632 quae
550 3556 694 3632 peccata
716 3569 793 3630 ego,
819 3556 855 3613 et
877 3567 995 3613 omnes
1017 3566 1104 3629 quos

154 3651 283 3729 vidisti,
296 3652 381 3715 talia
394 3651 581 3715 toleramus
601 3648 779 3732 supplicia.
833 3648 914 3712 Uno
937 3646 1029 3711 enim
1050 3647 1105 3710 die

190 3968 197 3997 ¹
212 3963 297 4037 Hac]
318 3971 347 4019 C.
355 3969 390 4019 D.
398 3970 431 4018 E.
440 3969 471 4018 L.
483 3984 490 4028 3
506 3967 540 4016 ad
552 3966 618 4029 lraec,
680 3963 764 4024 ³Ex.]
779 3961 966 4020 A.S.c.E.L.;
978 3961 1013 4021 in,
1025 3958 1106 4008 D.M.

155 4042 202 4102 S.;
219 4038 320 4101 hoc,A.
679 4032 874 4094 ⁴Conrtrictur]
898 4030 932 4081 A.
950 4031 986 4078 D.
1005 4030 1039 4078 E.
1055 4029 1104 4088 L.;

190 4109 200 4138 ²
211 4110 363 4173 Pertruxit]
375 4109 404 4158 S.
415 4109 445 4156 C.
460 4109 491 4158 E.
499 4107 530 4157 L.
540 4125 548 4170 ;
559 4122 617 4169 pro·
643 4105 790 4168 perterritus
801 4107 827 4151 et
837 4102 997 4161 constrictus,
1008 4100 1037 4148 S.
1049 4099 1079 4147 G.

153 4183 226 4244 texit,
237 4181 273 4231 D.
285 4180 323 4230 M.
333 4195 340 4240 ;
357 4178 489 4242 protraxit,
499 4177 533 4227 A.
669 4173 860 4236 ⁶Indmuicunn]
869 4172 947 4221 Louis
954 4170 983 4218 of
988 4169 1107 4219 Bouaria.

956 4260 1003 4304 ΜΞ
