2858 4890
135 403 205 451 nm.
222 387 279 469 ιι]
369 404 483 453 cnsrn
507 404 634 454 nncnu
658 404 870 454 annnorum
1022 387 1087 453 337

134 568 170 626 et
195 563 316 626 urbem
342 584 420 628 cum
443 564 617 646 episcopo,
644 564 785 645 ignibus
814 583 934 629 eornm
959 583 1083 629 consu-

133 662 295 726 mendum
311 663 506 745 rebquerit;
538 665 638 748 cujus
663 665 713 728 rei
733 665 923 741 infamiam,
946 672 1084 729 mature

131 763 275 826 veniens
293 763 472 828 Haroldus
488 765 677 828 virtutibus
694 765 767 829 suis
784 766 957 829 abstersit.
991 764 1081 828 Eus-

131 861 269 926 tachius
299 883 395 945 ergo,
420 863 646 929 transfretato
671 866 758 929 mari
789 866 832 929 dc
857 865 1021 930 Witsand
1044 866 1081 928 in

132 961 320 1040 Devotam,
335 982 451 1045 regem
469 964 690 1042 Edwardum,
706 966 823 1030 nescio
838 985 909 1047 qna
930 964 974 1028 de
996 984 1080 1028 cau·

132 1080 184 1138 sa,
208 1062 303 1126 adiit.
357 1062 558 1129 Collocutus
584 1085 662 1128 cum
686 1085 739 1141 eo,
762 1073 798 1129 et
826 1084 863 1128 re
893 1066 1079 1146 impetrata
1091 1087 1190 1137 non

129 1180 233 1242 quam
245 1163 407 1245 petierat,
424 1158 432 1195 ¹
440 1184 502 1246 per
525 1165 776 1229 Doroberniam
800 1165 956 1228 redibat:
988 1179 1076 1228 nnus
1090 1139 1233 1229 {libili}

130 1268 390 1326 antecursorum
413 1264 489 1347 ejus
513 1264 661 1329 ferocius
686 1285 765 1328 cum
797 1266 873 1328 cive
898 1283 1018 1345 agens,
1042 1240 1172 1329 θῐῗὲῗθῐ
1185 1240 1228 1280 D⁰'

128 1361 270 1426 vulnere
291 1364 404 1445 magis
428 1383 534 1446 quam
558 1358 679 1446 ²prece
701 1365 888 1446 hospitium
914 1364 1073 1444 exigens,

127 1460 225 1549 illum
247 1463 286 1526 in
304 1465 359 1527 sui
374 1457 565 1528 ³excidium
588 1465 760 1529 invitavit.
814 1463 895 1542 Quo
918 1465 1072 1544 cognito,

128 1559 351 1639 EustachiuS,
383 1564 427 1627 ad
460 1564 690 1628 ulciscendam
723 1583 841 1627 necem
873 1564 965 1627 servi
995 1583 1075 1626 cum

127 1667 201 1725 toto
223 1662 391 1727 comitatu
412 1664 599 1746 profectus
615 1663 819 1728 homicidam
834 1663 972 1745 quidem
995 1682 1074 1727 cum

126 1760 203 1824 aliis
214 1761 332 1826 decem
343 1771 378 1827 et
388 1771 467 1828 octo
480 1764 671 1827 interemit:
688 1763 761 1840 sed,
776 1763 909 1828 civibus
920 1762 964 1826 ad
976 1781 1076 1827 arma

125 1862 401 1940 convolantibus
415 1863 540 1946 viginti
565 1883 611 1928 ex
632 1864 706 1926 suis
730 1863 858 1940 amisit,
881 1863 1074 1927 innumeris

43 2025 46 2031 ,
125 1961 336 2041 vulneratis3
361 1965 435 2045 ipse
450 1964 512 2028 vix
534 1983 613 2026 cum
630 1964 741 2027 altero
766 1964 802 2026 in
826 1963 903 2045 ipso
920 1963 1074 2027 tumultu

124 2061 344 2145 subterfugit.
403 2063 491 2127 Inde
521 2062 566 2126 ad
596 2063 726 2126 curiam
759 2063 880 2146 pedem
909 2064 1074 2140 referens,

123 2168 315 2245 nactusque
337 2171 508 2227 secretum
536 2183 609 2226 suae
634 2163 744 2245 partis
770 2171 939 2245 patronus
967 2163 1073 2226 assis-

124 2265 213 2337 tens,
236 2262 323 2326 iram
340 2263 433 2345 regis
454 2264 491 2326 in
509 2261 646 2345 Anglos
673 2265 826 2327 exacuit.
879 2261 1073 2327 Godwinus
1086 2281 1176 2323 canu

123 2378 185 2440 per
207 2363 351 2426 nuncios
374 2363 417 2426 ad
441 2364 573 2427 curiam
596 2363 728 2427 accitus
741 2365 848 2428 venit.
901 2363 1074 2444 Exposita
1085 2333 1213 2471 {wlff

124 2478 240 2538 causa,
271 2469 307 2525 et
333 2464 507 2545 praecipue
538 2483 619 2545 rege
646 2462 867 2527 insolentiam
899 2463 1074 2527 Dorober·
1103 2433 1146 2482 Μ’

123 2562 282 2625 nensinm
306 2562 559 2640 accumulante,
583 2562 758 2626 intellexit
777 2563 832 2627 vir
855 2563 997 2626 acrioris
1019 2562 1072 2624 in-

123 2661 228 2739 genii,
243 2661 345 2725 unias
362 2669 500 2726 tantum
523 2664 631 2745 partis
647 2661 777 2725 auditis
792 2661 1071 2743 allegationibus,

124 2779 193 2822 non
218 2750 508 2844 debere'proferri
534 2762 755 2827 sententiam.
808 2761 935 2844 Itaque
950 2779 1072 2843 quam·

123 2858 176 2922 vis
199 2880 262 2924 rex
271 2861 436 2945 jussisset
452 2862 549 2925 illum
573 2862 738 2926 continuo
753 2880 832 2924 cum
857 2861 1013 2924 exercitu
1034 2861 1072 2923 in

126 2957 287 3025 Cantium
303 2962 487 3043 proficisci,
500 2962 537 3026 in
552 2962 834 3026 Dorobernenses
849 2960 1003 3042 graviter
1018 2960 1071 3022 ul·

123 3064 249 3138 turum,
266 3062 413 3142 restitit;
438 3068 473 3126 et
489 3060 582 3144 quod
607 3080 726 3126 omnes
752 3060 963 3142 alienigenas
980 3060 1072 3141 apud

124 3160 214 3241 regis
237 3162 386 3243 gratiam
400 3161 611 3226 invalescere
625 3160 804 3236 invideret,
822 3166 858 3224 et
871 3159 964 3242 quod
978 3177 1072 3224 com·

122 3259 282 3340 patriotis
314 3262 501 3325 amicitiam
531 3256 698 3344 praestare
726 3259 843 3325 vellet.
897 3259 1073 3322 Praeterea

121 3359 304 3424 videbatur
325 3361 402 3445 ejus
421 3361 600 3444 responsio
614 3361 651 3424 in
665 3359 906 3424 rectitudinem
922 3377 1072 3441 propen-

158 3637 166 3671 ¹
191 3641 240 3690 Per
262 3639 439 3689 Dcroleminm
460 3640 584 3703 rodim]
613 3640 708 3701 Dover,
718 3638 804 3688 where
820 3639 880 3700 they
891 3637 943 3686 had
959 3637 1074 3687 resolved

122 3709 387 3771 Malmesburyseems
396 3714 422 3758 tn
434 3710 499 3759 have
507 3710 585 3758 taken
611 3714 637 3757 to
649 3712 751 3770 quanter
762 3709 928 3758 themselves:
941 3707 1011 3756 there
1023 3707 1075 3756 this

120 3778 161 3828 his
180 3785 288 3830 account
299 3779 329 3830 of
342 3780 386 3829 the
402 3779 461 3841 stay
470 3781 585 3829 between
611 3780 765 3828 transaction
785 3779 846 3827 took
864 3778 947 3839 place,
965 3777 1015 3825 and
1031 3781 1075 3825 not

121 3849 164 3899 the
177 3865 234 3900 men
252 3849 281 3899 oi
293 3851 405 3899 Eustace
416 3848 470 3898 carl
481 3849 510 3898 of
517 3850 587 3898 Bou·
611 3852 639 3897 at
661 3848 830 3910 Canterbury,
846 3862 875 3897 aa
898 3847 1074 3907 Malmesbury

120 3918 198 3982 logne
234 3919 285 3967 and
314 3919 358 3969 the
392 3923 531 3967 townsmen
560 3917 589 3965 of
611 3919 721 3978 implies.

122 3989 211 4040 Dover
221 3988 285 4039 from
296 3988 338 4037 the
350 3988 436 4038 Saxon
444 3987 587 4048 Ohronicle,
647 3983 767 4050 ’Prece.]
780 3985 814 4037 A.
822 3989 852 4037 c.
860 3986 895 4036 D.
904 3985 969 4034 EJae.
979 4003 986 4046 ;
998 3999 1073 4046 precs

120 4059 209 4109 which
227 4062 306 4108 states
327 4057 383 4107 that
401 4058 444 4108 the
467 4059 520 4106 earl
536 4058 587 4106 and
612 4061 658 4107 aut
669 4057 760 4118 pretio,
771 4056 801 4107 S.

119 4128 161 4178 his
182 4142 249 4189 men,
265 4127 360 4190 having
374 4128 452 4177 taken
468 4126 534 4176 their
547 4141 587 4175 re-
647 4123 825 4188 ⁸Excidium.]
842 4124 876 4175 A.
889 4124 919 4175 S.
931 4124 966 4173 D.
978 4124 1011 4172 E.
1024 4122 1073 4182 t.;

119 4203 178 4260 past
193 4203 220 4249 at
231 4197 402 4260 Genterbury,
412 4196 552 4259 proceeded
562 4202 587 4245 to
613 4196 729 4258 exitium,
743 4197 772 4245 0.

904 4286 922 4332 Z
