2858 4890
162 399 306 481 111111]
387 415 502 464 ensrn
525 413 652 463 nncuu
676 414 890 463 lucrorum.
1047 394 1114 462 383

166 572 306 656 Angliae
336 572 442 639 dedit.
506 572 591 637 Erat
620 572 680 636 ille
708 572 774 637 hoc
804 564 945 636 munere
976 572 1114 655 dignus

166 682 339 758 praestans
356 673 462 737 animi
471 671 623 756 juvenis
641 672 751 756 etqui
774 672 811 736 in
833 691 1030 754 supremum
1045 673 1115 737 fas-

136 849 142 856 ,
167 775 291 857 tigium
309 774 416 838 alacri
434 773 552 838 labore
572 779 795 852 excreverat3
820 780 987 855 praeterea
1009 793 1115 856 prox·

169 876 238 938 ime
264 873 554 956 consanguineus,
583 873 674 936 filius
709 871 856 938 Roberti
886 872 949 937 filii
974 873 1117 938 Ricardi

170 974 325 1051 secundi,
342 993 444 1058 quem
466 973 607 1037 fratrem
630 973 737 1037 fuisse
754 972 885 1038 Emmae
909 974 1031 1037 matris
1046 974 1116 1037 Ed-

170 1075 279 1138 wardi
294 1073 481 1138 nonsemel
495 1074 652 1157 estquod
667 1073 827 1136 diximus.
880 1066 1116 1156 ¹Feru11tqui·

171 1175 251 1238 dam
265 1175 378 1257 ipsum
393 1172 589 1237 Haroldum
603 1192 625 1237 a
639 1193 721 1255 rege
733 1174 770 1237 in
786 1174 851 1237 hoc
866 1172 1118 1238 Normanniam

173 1276 335 1339 missum:
354 1273 427 1351 alii,
443 1273 637 1338 secretioris
651 1273 786 1337 consilii
802 1273 943 1350 conscii,
958 1274 1118 1351 invitum,

152 1361 153 1364 ¹
172 1373 268 1439 venti
280 1373 447 1438 violentia
465 1372 548 1437 illuc
564 1379 692 1451 actum,
706 1393 776 1455 quo
799 1392 837 1436 se
856 1380 1012 1438 tueretur
1024 1374 1120 1438 inve-

175 1474 267 1538 nisse
291 1479 543 1554 commentum3
566 1473 670 1555 quod,
685 1467 787 1558 ²quia
808 1474 951 1557 propius
969 1493 1052 1538 vero
1066 1475 1119 1538 vi·

175 1575 288 1650 detur,
322 1592 506 1656 exponam.
559 1571 738 1637 Haroldus
769 1572 804 1636 in
835 1574 1003 1656 praedium
1029 1573 1120 1656 juris

176 1673 231 1738 sui
244 1668 438 1739 ³Bosebam
451 1680 616 1738 venerat:
640 1674 700 1752 ibi,
715 1680 756 1736 ut
769 1674 920 1737 anirnum
931 1673 1121 1738 oblectaret

176 1793 289 1850 sunm,
319 1773 543 1856 piscatorium
573 1774 773 1839 conscendit
794 1775 984 1856 navigium,
1006 1781 1041 1838 et
1066 1775 1120 1837 in-

174 1874 275 1938 terim
299 1873 437 1958 quidem
460 1872 678 1955 longiusculo
702 1873 785 1938 ludo
806 1872 843 1937 in
865 1874 974 1937 ultum
1001 1894 1122 1956 proce·

176 1974 288 2054 ditur3
306 1973 379 2050 sed,
395 1973 510 2039 subito
524 1974 670 2038 adversa
682 1980 889 2057 tempestate
902 1980 1033 2049 coorta,
1048 1975 1123 2056 ipse

177 2095 256 2139 cum
279 2073 455 2137 sodalibus
478 2074 516 2138 in
532 2072 719 2138 Pontivum
744 2093 873 2157 pagum
894 2074 1121 2156 compellitur.

179 2174 352 2238 Homines
373 2173 467 2237 illius
488 2173 651 2256 regionis,
669 2193 730 2256 pro
755 2193 850 2238 more
874 2174 987 2256 gentis
1007 2173 1123 2251 insito,

178 2281 321 2357 repente
343 2293 387 2338 ex
401 2273 495 2338 omni
515 2280 615 2357 parte
639 2273 887 2354 convolavere3
910 2275 1058 2339 inermes
1081 2276 1124 2339 ab

180 2374 335 2450 armatis,
357 2373 460 2456 pauci
483 2392 505 2437 a
530 2374 686 2457 pluribus
706 2372 816 2461 (quod
839 2374 941 2440 facile
964 2371 1047 2456 fuit)
1062 2394 1125 2457 op·

181 2474 302 2556 pressi,
325 2492 448 2537 manus
472 2473 629 2552 manicis,
654 2475 760 2558 pedes
788 2475 1010 2557 compedibus
1037 2493 1127 2556 prae·

179 2561 296 2638 buere.
348 2571 541 2652 Haroldus,
557 2582 675 2639 astuto
699 2581 838 2658 pectore
854 2574 998 2639 volvens
1023 2593 1125 2638 casus

180 2672 380 2750 remedium,
405 2672 578 2738 bominem
604 2675 782 2757 promissis
810 2674 1009 2756 ingentibus
1032 2675 1128 2738 solli·

181 2775 326 2838 citatum
348 2773 392 2837 ad
407 2771 621 2839 Willelmum
648 2775 775 2838 mittit:
804 2774 948 2836 missum
973 2759 1012 2837 se
1035 2773 1128 2837 Nor-

183 2872 357 2937 manniam
373 2893 396 2938 a
408 2893 502 2956 rege,
516 2882 556 2939 ut
570 2875 663 2958 quod
680 2874 830 2937 minores
849 2874 965 2937 nuncii
977 2873 1127 2937 balbuti-

182 2981 283 3038 erant
306 2973 381 3055 ipse
408 2974 625 3057 potissimum
647 2993 712 3038 sua
736 2972 956 3038 confirmaret
976 2992 1128 3057 praesen-

183 3240 348 3302 apposnit,et
365 3254 424 3289 eum
440 3240 490 3289 sibi
506 3239 643 3290 succedere
670 3239 771 3289 Deinde
805 3239 957 3303 Hersldum,
984 3245 1131 3291 cunctorum

182 3310 210 3358 in
228 3323 333 3373 regnum
354 3309 458 3372 Angliae
474 3325 536 3360 voce
558 3311 645 3361 stabili
670 3324 725 3359 suaa
747 3310 924 3359 dominationis
948 3311 1066 3360 comitum
1093 3312 1133 3361 di·

184 3378 310 3429 sancivit?
320 3378 454 3448 (Ingulph.
466 3395 493 3442 p.
504 3378 575 3445 899.)
591 3381 646 3430 'l'he
670 3380 740 3428 vitiis
751 3379 880 3429 ethonore
892 3395 922 3430 ac
933 3381 1045 3442 potentia
1053 3383 1132 3430 maxi·

186 3449 332 3499 succession
359 3448 388 3499 oi
412 3450 526 3512 William
550 3455 576 3500 to
603 3451 646 3500 the
671 3464 750 3510 mum,
771 3449 832 3498 duci
849 3449 994 3511 destinavit,
1011 3456 1041 3500 ut
1058 3452 1083 3500 ei
1100 3453 1133 3501 de

185 3518 274 3568 throne
297 3519 328 3568 of
354 3519 473 3583 Englend
493 3521 517 3569 is
539 3534 560 3578 a
576 3521 648 3582 point
672 3519 977 3570 coronasuafidelitatem
988 3520 1092 3585 iaceret,
1103 3537 1133 3572 ac

186 3602 255 3638 more
271 3590 389 3640 involved
403 3591 430 3639 in
448 3590 576 3652 obscurity
587 3590 648 3640 than
674 3589 818 3639 Christiano
834 3604 902 3640 more
921 3593 1084 3642 sacramentis
1095 3594 1136 3641 lir-

188 3659 414 3721 anyotheroiour
422 3659 528 3721 history.
673 3658 770 3709 maret!
798 3659 881 3725 (Will.
898 3660 999 3711 Gemet.
1017 3663 1088 3713 Hist.
1110 3677 1133 3713 c.

224 3727 341 3779 ¹Ferunt
355 3730 453 3792 quidm
468 3730 548 3794 ipsum
558 3729 650 3778 Horol-
674 3724 763 3792 xxxi.)
797 3731 845 3779 See
868 3730 922 3780 also
939 3731 1012 3781 Guil.
1032 3733 1133 3782 Pictav.

189 3801 246 3848 dum
263 3815 278 3848 a
296 3799 398 3862 regetis
414 3799 456 3848 boe
476 3800 651 3849 Namnetum
674 3799 1090 3862 An.1065‚interN0rm.Script.

189 3865 313 3938 murum]
330 3870 492 3919 ‘Edwardus
510 3870 651 3932 Anglorum
710 3865 795 3924 ²Quia
803 3869 904 3932 propius
914 3884 970 3919 uero
976 3870 1082 3932 videtu,
1092 3885 1137 3919 ex·

188 3953 244 4001 rex,
265 3940 425 3990 successione
449 3939 528 4001 prolis
554 3955 653 4002 carens,
674 3939 783 4002 penum]
800 3940 833 3989 Ε.
845 3940 920 3988 omits
932 3940 1136 3990 ‘vero.’-Com·

177 4010 249 4058 olim
260 4011 365 4059 miserat
374 4009 502 4059 Willelmo
512 4010 573 4058 duci
584 4010 653 4059 Rod·
676 4023 738 4070 pare
756 4008 807 4057 this
824 4013 957 4058 statement
967 4009 1030 4058 with
1042 4010 1137 4062 chron.

190 4080 290 4129 bertum
305 4079 500 4130 cantuariorum
517 4080 654 4142 archiprae-
678 4079 782 4127 Roberti
788 4079 820 4126 de
830 4077 918 4128 Monte
926 4079 960 4128 ad
969 4080 1139 4144 sigebertum,

189 4151 282 4214 sulem,
292 4163 325 4199 ex
337 4163 414 4213 regno
425 4164 441 4199 a
452 4152 509 4200 Deo
520 4151 570 4199 sibi
583 4151 653 4200 attri-
678 4148 748 4211 apud
755 4148 904 4212 richerium,
915 4166 941 4212 p.
952 4153 1010 4200 ⁷21.

192 4221 254 4270 bnto
275 4220 349 4269 illum
376 4224 490 4271 statuens
518 4221 652 4271 heredem.
713 4216 879 4280 monetam]
901 4221 972 4271 Near
983 4219 1140 4272 chichester.
