2858 4890
163 421 231 468 um.
251 405 307 486 ιι]
383 423 496 471 cnara
520 422 647 472 aucuu
671 422 886 472 nucuoauu.
1047 405 1113 470 367

164 582 394 665 praetendens.
446 583 557 647 Porro
579 583 666 647 illud
688 583 840 647 humana
862 584 1030 648 miracula
1052 603 1114 647 ex·
1206 664 1209 669 ⁶

165 682 267 760 cedit,
297 683 445 747 hominis
469 684 598 748 mortui
631 684 742 748 crines
768 692 804 748 et
826 704 962 766 ungues
985 685 1114 747 sensim

166 782 360 864 pullulare3
385 803 473 866 quos
491 783 630 861 Oswen,
646 784 805 866 quaedam
834 791 957 848 sancta
980 785 1115 861 mulier,

167 890 254 965 quot
282 884 382 947 annis
407 883 470 947 hos
494 884 665 961 tonderet,
694 883 774 948 illos
801 884 991 961 desecaret,
1016 903 1116 947 sacra

170 983 391 1047 veneratione
418 983 567 1065 posteris
591 983 754 1048 futuros:
786 991 918 1048 sanctae
941 985 1117 1048 temerita-

169 1083 215 1145 tis
238 1082 392 1160 soemina,
416 1103 495 1165 quae
527 1103 645 1147 coram
676 1091 833 1148 cerneret
863 1091 899 1148 et
922 1090 1117 1148 contrecta-

171 1189 223 1246 ret
245 1189 343 1246 artus
360 1183 486 1265 quibus
507 1183 618 1247 omnis
641 1183 782 1247 inferior
801 1184 857 1247 hic
880 1191 934 1248 est
955 1183 1117 1246 mundus.

171 1279 222 1345 At
236 1301 306 1347 non
323 1283 374 1346 ita
391 1282 590 1360 LefstanuS,
606 1284 796 1366 praecipitis
814 1291 850 1349 et
867 1282 1040 1347 effrenatae
1058 1302 1120 1345 au-

103 1467 106 1472 .
173 1381 281 1445 daciae
297 1382 509 1460 adolescens,
525 1384 586 1466 qui
608 1383 674 1447 sibi
696 1401 822 1465 corpus
838 1384 1001 1466 martyris
1016 1384 1119 1445 minis

174 1481 403 1546 inflatioribus
425 1484 561 1547 ostendi
579 1490 766 1565 exegerat3
789 1482 903 1560 famae,
918 1489 958 1546 ut
971 1482 1119 1558 dicebat,

174 1581 343 1645 incertum
377 1582 444 1646 lide
473 1583 651 1647 oculorum
683 1583 874 1665 ponderare
898 1577 1119 1646 ¹deliberans.

177 1680 330 1763 Ideoque
353 1684 523 1767 praerupti
539 1702 646 1746 ausus
668 1703 809 1766 poenam
824 1683 916 1760 tulit,
932 1700 1050 1745 amens
1073 1680 1122 1744 ef·

175 1779 307 1859 sectus3
335 1789 370 1845 et
383 1790 464 1864 post
477 1782 649 1846 modicum
672 1783 865 1846 scaturiens
883 1782 1069 1858 vermibus,
1088 1789 1123 1845 et

175 1889 342 1944 mortuus.
395 1880 508 1946 Novit
529 1883 685 1964 profecto
709 1883 802 1964 quod
826 1881 909 1945 olim
935 1899 1124 1945 consueve-

177 1986 244 2056 rat,
261 1981 358 2045 novit
372 1981 576 2046 Edmundus
589 1982 692 2046 modo
706 1981 841 2046 facere:

249 2128 420 2194 ‘Parcere
435 2129 600 2214 subjectis
619 2138 654 2195 et
668 2130 841 2195 debellare
857 2128 1047 2213 superbos.'

180 2277 315 2357 Quibus
329 2279 463 2343 artibus
477 2280 529 2343 ita
543 2279 609 2343 sibi
628 2280 740 2343 omnis
755 2279 948 2342 Britanniae
968 2278 1126 2342 devinxit

178 2377 322 2453 incolas,
337 2385 375 2442 ut
398 2380 536 2443 beatum
559 2398 597 2442 se
621 2380 658 2443 in
680 2379 800 2462 primis
823 2385 958 2442 astruat
981 2379 1040 2460 qui
1057 2396 1127 2440 coe-
1155 2398 1159 2405 ’

181 2479 320 2542 nobium
354 2479 449 2542 illius
471 2480 527 2543 vel
560 2499 699 2542 nummo
722 2479 779 2543 vel
800 2478 932 2542 valenti
961 2478 1134 2541 illustrat..

184 2576 258 2660 Ipsi
275 2597 414 2659 quoque
431 2598 544 2660 reges,
562 2579 708 2643 aliorum
724 2578 866 2655 domini,
889 2596 1009 2640 servos
1030 2596 1068 2639 se
1085 2577 1127 2640 il-

182 2676 250 2741 lius
272 2676 479 2757 gloriantur,
496 2685 532 2742 et
548 2698 710 2743 coronam
733 2679 766 2741 ei
787 2679 919 2759 regiam
941 2677 1127 2752 missitant,

183 2796 312 2859 magno
329 2777 359 2840 si
376 2779 428 2841 uti
445 2778 568 2843 volunt
584 2779 791 2841 redimentes
808 2777 1024 2841 commercio.
1054 2776 1128 2839 Ex·

184 2884 320 2940 actores
347 2878 667 2960 vectigalium-qui
700 2878 788 2941 alias
821 2876 1046 2953 bacchantur,
1074 2875 1128 2937 sas

185 2976 352 3059 nefasque
363 2976 471 3059 juxta
487 2979 681 3054 metientes,
698 2977 746 3040 ibi
764 2977 937 3060 supplices
953 2975 1042 3038 citra
1058 2975 1128 3038 fos-

185 3083 301 3139 satum
325 3076 438 3140 sancti
466 3077 639 3140 Edmundi
662 3077 875 3157 litigationes
904 3076 1043 3152 sistunt,
1067 3094 1129 3137 ex-

185 3177 275 3257 perti
298 3175 484 3239 multorum
505 3196 645 3259 poenam
663 3177 723 3259 qui
740 3173 1030 3258 perseverandum
1046 3167 1130 3256 ²pu·

187 3282 317 3339 tarunt.

238 3375 256 3457 §
281 3375 357 3438 214.
387 3375 540 3440 Nomina
574 3395 712 3458 quoque
737 3375 931 3459 puellarum
956 3373 1043 3454 regii
1071 3392 1131 3453 ge·
1144 3381 1287 3482 mm

188 3475 280 3537 neris
298 3473 493 3556 aliquarum
504 3477 574 3539 oris
591 3477 659 3538 mei
676 3476 887 3558 perstringet
897 3474 1109 3556 praeconium
1122 3491 1131 3550 3
1145 3485 1234 3538 muta.

188 3573 335 3655 praefata
351 3574 533 3638 brevitatis
549 3576 663 3650 venia,
681 3593 784 3657 quam
801 3594 870 3637 non
888 3572 1019 3636 fastidii
1046 3591 1134 3635 nau·

190 3691 262 3750 sea,
288 3673 348 3736 sed
369 3674 614 3737 miraculorum
638 3674 724 3737 facit
744 3674 895 3737 inscitia.
946 3671 1050 3736 Anna
1072 3691 1136 3734 rex

191 3771 419 3836 Orientalium
436 3771 631 3855 Anglorum
653 3773 775 3837 habuit
795 3772 886 3836 filias
907 3779 990 3848 tres,
1014 3770 1135 3834 Ethel-

229 4060 417 4132 metiemur]
439 4066 468 4115 C.
487 4066 521 4114 D.
541 4066 592 4124 E.;
608 4064 651 4112 de·
678 4063 730 4111 this
739 4063 837 4123 subject
845 4075 934 4110 occurs
942 4061 1139 4110 inMelmes.De

195 4135 448 4197 siderans‚A.S·L.
681 4132 754 4183 Gest.
778 4131 874 4180 Pontis.
902 4132 947 4180 lib.
970 4144 998 4183 u.
1021 4146 1046 4193 p.
1071 4130 1140 4192 136⁵,

228 4199 403 4272 2Petemout]
427 4204 508 4253 Much
530 4218 597 4252 more
621 4217 652 4251 on
679 4203 742 4252 edit.
754 4201 834 4251 Lond.
