2858 4890
167 352 297 435 nir.1.]
392 368 505 416 onsrn
529 368 656 417 ancon
680 369 892 419 nvononuu.
1074 356 1118 421 83

163 531 325 606 quateret
349 525 484 603 vitalia,
508 527 605 590 socio
631 526 676 589 ad
706 545 744 590 se
775 525 891 590 delato
920 527 996 592 solo
1030 536 1117 592 nutu

164 624 347 689 valedixit.
398 625 467 689 Sed
492 645 556 689 nec
581 626 640 689 ille
667 627 890 708 praestnntius
918 627 1030 691 valuit
1062 648 1117 692 re-

163 724 313 806 pendere
330 722 492 802 officium,
517 732 640 807 utpote
666 726 726 808 qui
742 727 1022 808 propinquiorem
1040 735 1116 791 ten·

163 822 268 887 debat
281 823 327 886 ad
342 825 487 901 exitum,
504 843 584 886 nam
600 831 682 888 ante
693 824 920 888 Benedictum
935 826 1116 893 defunctus

162 929 229 986 est.
281 921 457 986 Successit
477 922 686 1000 chelfridus,
711 925 775 987 sub
802 944 871 1006 quo
895 945 951 989 res
977 945 1235 990 monas-nnuc.

162 1020 242 1084 terii
258 1021 295 1084 in
312 1023 517 1086 immensum
528 1030 653 1086 auctae.
690 1022 741 1099 Is,
753 1042 830 1086 cum
843 1023 1005 1089 diuturno
1017 1028 1114 1091 senio

162 1120 303 1185 vivendi
328 1123 566 1186 renunciasset
590 1121 773 1199 desiderio,
800 1122 950 1188 Romam
967 1124 1018 1188 ire
1035 1145 1114 1207 per-

161 1220 267 1297 rexit,
285 1221 428 1284 senilem
446 1222 609 1298 animam,
626 1229 666 1285 ut
676 1222 851 1303 sperabat,
868 1222 1017 1287 dominis
1028 1224 1113 1288 effu·

161 1337 265 1383 surus
294 1321 485 1401 apostolis3
519 1320 593 1397 sed,
619 1321 711 1383 enim
739 1322 813 1384 voti
832 1321 957 1386 effectu
978 1342 1112 1402 carens,

161 1425 298 1481 naturae
322 1419 476 1483 debitum
497 1413 606 1502 ¹apud
629 1419 797 1500 Lingonis
818 1422 996 1485 civitatem
1023 1423 1111 1487 iniit
1124 1442 1233 1484 nnana

161 1517 336 1600 Reliquiae
361 1519 493 1582 ossium
519 1519 768 1603 posterioribus
793 1521 893 1583 annis
912 1520 957 1583 ad
974 1541 1113 1585 monas-

161 1618 288 1680 terium
313 1637 426 1695 suum,
452 1619 575 1683 deinde
608 1618 754 1682 Danicae
788 1625 943 1701 tempore
976 1613 1112 1684 ²vasta·

161 1716 280 1794 tionis,
314 1736 392 1782 cum
425 1720 561 1783 ossibus
594 1719 706 1782 beatae
742 1716 861 1781 Hildae
892 1717 1112 1785 Glastoniam

160 1822 323 1898 portatae.
388 1817 525 1881 Horum
558 1819 723 1882 abbatum
755 1817 917 1898 gratiam,
945 1837 1023 1900 quae
1049 1838 1112 1901 per

161 1934 200 1979 se
216 1917 304 1979 satis
321 1915 461 1993 eminet,
478 1918 685 1999 conspicuus
702 1915 862 1981 alumnus
879 1937 997 1983 eorum
1014 1918 1113 1984 Beda

164 2014 199 2076 in
234 2014 502 2097 splendidiorem
526 2016 768 2080 excellentiam
793 2023 907 2097 urget,
941 2016 1112 2098 siquidem

160 2113 329 2196 scriptum
344 2115 402 2191 sit,
413 2120 423 2149 ‘
434 2109 576 2179 ³Gloria
586 2117 709 2198 patris,
727 2114 820 2178 iilius
837 2117 1004 2198 sapiens3'
1019 2117 1111 2200 quod

159 2212 249 2275 alter
265 2233 344 2276 eum
360 2214 631 2292 monachaverit,
642 2208 968 2279 alter⁴educaverit
1008 2216 1111 2294 Quod

159 2311 243 2393 quia
258 2312 334 2394 ipse
352 2312 450 2378 Beda
475 2333 538 2396 pro
564 2313 766 2396 compendio
792 2315 926 2378 notitiae
951 2316 1111 2399 subjecit,

160 2430 297 2474 omnem
317 2413 434 2477 ,vitam
466 2432 565 2477 suam
588 2407 759 2495 ⁵quodam
790 2414 928 2495 epilogo
955 2435 1111 2498 compre-

159 2509 324 2588 hendens,
336 2512 446 2593 ipsius
462 2514 570 2577 verba
579 2513 689 2576 lector
704 2506 969 2594 6recognoscere
979 2514 1108 2592 licebit,

159 2627 201 2672 ne
229 2611 316 2673 meis
343 2613 570 2688 sermonibus
598 2612 654 2676 vel
681 2611 760 2693 plus
788 2613 844 2676 vel
872 2613 997 2689 minus,
1031 2615 1110 2695 ipsa

159 2727 259 2772 novae
285 2709 405 2773 formae
424 2710 594 2793 procudat
619 2712 820 2775 necessitas.
872 2709 1036 2792 nitergo
1054 2704 1108 2774 ⁷in

159 2806 227 2871 fine
256 2808 511 2873 Ecclesiasticae
529 2808 722 2891 Anglorum
749 2809 930 2885 Historiae,
953 2811 1007 2873 vir
1034 2817 1108 2873 tum

159 2907 196 2969 in
213 2909 348 2971 caeteris
365 2915 438 2971 tum
457 2909 493 2971 in
514 2909 579 2973 hoc
600 2909 796 2985 laudabilis
814 2908 906 2991 quod
928 2909 982 2972 vel
1000 2928 1109 2990 quan-

160 3007 405 3090 tulamcunque
423 3009 477 3071 sui
499 3009 732 3090 cognitionem
756 3007 953 3090 posteritati
971 3027 1040 3070 non
1056 3008 1109 3070 in-

160 3106 306 3171 viderit:

212 3204 234 3289 §·
251 3206 306 3270 55.
329 3204 441 3269 ‘Haec
452 3205 495 3268 de
513 3205 659 3270 historia
676 3207 947 3283 Britanniarum,
959 3206 1109 3270 Domino
1124 3228 1198 3269 nessa
1215 3240 1249 3269 sc-

1122 3285 1187 3319 count
1200 3282 1224 3320 ol

1123 3331 1214 3370 himself.

196 3371 290 3436 ¹pr
322 3375 443 3436 Lingouis
474 3371 620 3442 civitatem]
681 3375 835 3436 ⁵Quodnm.]
870 3377 899 3426 C.
919 3377 954 3425 D.
966 3377 999 3425 E.
1010 3378 1041 3426 L.
1054 3375 1111 3439 M.;

156 3442 282 3504 Ἐπειοῦ,
305 3444 331 3491 in
353 3444 395 3492 the
418 3445 576 3506 department
597 3445 626 3493 oi
645 3447 725 3508 brevi,
735 3445 768 3496 A.
781 3446 811 3496 S.

160 3512 359 3628 lipperFMarne,
368 3514 511 3575 thecapital
522 3514 550 3562 of
559 3516 623 3564 Bas·
682 3536 693 3569 ο
704 3533 904 3606 mmmmm]
931 3540 966 3588 D·
986 3540 1043 3600 Md
1072 3555 1111 3590 re,

161 3719 218 3837 ἔῃ
234 3721 455 3771 infestationisoel
468 3722 624 3784 vastationis,

647 3614 791 3670 cognoscat,
808 3608 842 3658 A.
859 3609 888 3659 S.
907 3609 936 3658 C.
948 3609 997 3670 L.;
1024 3625 1111 3672 recog-
1176 3676 1179 3681 Ι

648 3680 738 3741 noscit,
748 3679 781 3728 E.

185 3824 193 3840 .
684 3784 694 3816 ⁷
709 3788 737 3836 In
747 3786 802 3852 fiae
819 3784 995 3834 Ecclesiastico
1016 3785 1110 3848 Augu

195 3855 305 3908 ³Glon'a
313 3861 403 3923 putris,
416 3859 490 3924 filius
508 3860 624 3924 rapiens]
650 3873 704 3907 rum
726 3855 870 3917 Historia]
907 3855 964 3904 Lib.
983 3871 1007 3905 v.
1025 3870 1048 3905 c.
1067 3859 1109 3916 24,

161 3927 243 3978 Filius
261 3931 363 3991 sapiens
382 3931 494 3978 laetificat
520 3935 625 3991 patrem.
650 3928 735 3989 §aba
772 3926 842 3974 Edit.
864 3923 939 3984 Engl.
960 3924 1030 3975 Hist.
1052 3925 1109 3974 Soc.

161 3998 237 4048 Prov.
250 4014 276 4049 x.
289 4003 318 4059 l;
336 4015 379 4050 xv.
391 4003 432 4048 20.
650 3997 731 4045 There
742 3994 1110 4045 sreafewverbalvariations

197 4065 388 4132 *Educoocritl
407 4071 436 4119 G.
447 4068 482 4117 D.
490 4071 522 4120 E.
531 4069 562 4119 L.
571 4069 609 4120 M.
620 4085 627 4128 ;
651 4069 766 4116 between
776 4066 818 4114 the
830 4069 883 4113 text
895 4062 924 4111 oi
937 4064 1111 4123 Malmosbury

162 4153 219 4186 eum
231 4139 386 4201 educaverit,
397 4139 429 4188 A.
443 4139 471 4189 S.
651 4137 701 4186 and
713 4137 794 4185 Beda.
945 4208 961 4252 Δ

919 4217 935 4250 G
945 4207 952 4228 ε
