2858 4890
178 435 245 482 mn
263 418 319 498 u]
396 431 510 482 onera
533 432 661 481 arcun
684 432 896 481 nuouonun.
1061 416 1128 483 385

178 590 321 653 nestorii
343 589 399 653 die
415 587 646 655 Innocentum
660 589 812 655 dedicari
824 590 1001 672 praecepit.
1055 589 1124 669 Ita,
1138 617 1241 658 neusa

178 689 245 752 arvi
259 689 383 771 plenus
400 696 436 754 et
449 690 581 771 gloriae,
598 684 799 773 ¹simplicem
815 690 974 773 spiritum
990 690 1124 755 coelesti
1136 669 1259 759 13113111
1259 671 1286 710 ¹¹⁰

177 807 285 868 regno
307 788 486 869 exhibuit;
513 797 549 854 et
572 790 609 853 in
630 790 749 854 eadem
764 789 909 854 ecclesia
932 789 988 853 die
1009 789 1123 855 Theo-

176 886 315 968 phaniae
338 888 495 970 sepultus
524 895 588 965 est,
613 909 718 971 quam
739 891 815 971 ipse
836 889 898 952 illo
922 890 1122 972 compositi·

176 985 252 1050 onis
274 1006 400 1069 genere
421 989 552 1070 primus
571 988 607 1051 in
624 987 755 1070 Anglia
778 989 1009 1054 aedificaverat
1030 991 1121 1071 quod

174 1104 267 1149 nuno
288 1106 376 1168 pene
398 1089 512 1151 cuncti
534 1088 745 1170 sumptuosis
766 1087 973 1152 aemulantur
990 1108 1121 1170 expen-

174 1184 233 1248 sis.
301 1184 491 1267 Progenies
519 1187 829 1262 West-Saxonum,
859 1207 937 1269 quac
974 1186 1010 1250 in
1041 1188 1121 1253 Bri-

174 1285 293 1348 tannia
315 1285 508 1351 aCerdicio
531 1287 729 1368 quingentis
751 1295 787 1349 et
808 1286 1030 1368 septuaginta
1050 1306 1121 1351 uno

173 1382 283 1460 annis,
299 1385 343 1447 ah
361 1384 515 1466 Egherto
529 1385 686 1450 ducentis
702 1394 736 1448 et
749 1386 934 1466 sexaginta
954 1403 1024 1448 uno
1041 1405 1120 1467 reg-

173 1490 330 1560 naverat,
355 1483 391 1547 in
414 1484 476 1548 illo
499 1484 543 1548 ad
570 1484 783 1565 regnandum
808 1485 947 1548 omnino
973 1483 1117 1549 defecit:

173 1598 253 1645 nam
278 1582 408 1647 recenti
431 1583 544 1647 adhuc
568 1583 694 1664 regalis
709 1583 840 1646 funeris
861 1583 970 1658 luctu,
988 1582 1118 1649 Harol-
1130 1605 1279 1656 uuonan.

171 1677 247 1758 dus,
265 1680 341 1763 ipso
364 1682 601 1765 Theophaniae
622 1682 689 1759 die,
704 1688 843 1745 extorta
859 1701 881 1745 a
905 1683 1118 1764 principibus
1132 1657 1188 1696 ¹⁰⁶⁰'

170 1776 249 1856 fide,
275 1782 420 1865 arripuit
443 1781 614 1857 diadema,
643 1781 802 1864 quamvis
828 1779 935 1861 Angli
958 1780 1076 1845 dicant
1097 1801 1119 1845 a

170 1896 252 1959 rege
265 1899 465 1945 concessum
478 1901 487 1960 3
515 1881 606 1964 quod
621 1887 738 1943 tamen
751 1880 862 1960 magis
878 1880 1119 1945 benevolentia

170 1996 274 2059 quam
293 1979 427 2062 judicio
457 1979 600 2062 allegari
632 1979 804 2055 existimo,
829 1987 869 2043 ut
895 1978 946 2041 illi
973 1977 1117 2043 hoeredi-

170 2081 278 2141 tatem
317 2079 574 2143 transfunderet
602 2097 702 2142 suam
738 2077 838 2161 cujus
875 2097 1010 2160 semper
1039 2097 1117 2142 sus-

168 2184 305 2257 pectam
334 2177 502 2242 habuerat
525 2177 738 2261 potentiam3
773 2178 944 2258 quamvis,
977 2185 1016 2242 ut
1047 2197 1117 2243 non

168 2275 298 2339 celetur
312 2278 453 2355 veritae,
479 2296 544 2360 pro
572 2296 722 2358 persona
743 2295 846 2358 quam
869 2278 1022 2357 gerebat,
1038 2296 1116 2359 reg-

168 2392 250 2437 num
272 2377 455 2458 prudentia
471 2385 506 2441 et
521 2377 722 2440 fortitudine
744 2377 953 2456 gubernaret
976 2376 1006 2438 si
1027 2376 1114 2455 legi·

168 2471 251 2536 time
279 2475 499 2558 suscepisset.
556 2476 728 2557 Denique,
756 2475 895 2538 vivente
930 2474 1114 2551 Edwardo,

168 2587 382 2656 quaecunque
406 2579 528 2637 contra
551 2594 629 2637 eum
659 2573 751 2637 bella
777 2573 920 2635 incensa
941 2580 1023 2637 sunt
1044 2574 1114 2636 vir·

167 2675 241 2733 tute
271 2690 335 2735 sua
364 2671 579 2755 compressit,
605 2674 746 2755 cupiens
777 2691 814 2735 se
845 2671 1113 2753 provincialibus

166 2775 354 2848 ostentare,
369 2770 405 2834 in
421 2792 566 2853 regnum
590 2772 721 2839 scilicet
743 2790 804 2852 spe
825 2771 993 2852 prurienti
1010 2770 1113 2835 anhe—

164 2865 253 2932 lans.
307 2869 501 2948 Griffinum,
519 2865 577 2935 ²ut
598 2890 703 2952 supra
725 2870 811 2946 dixi,
833 2889 949 2950 regem
969 2869 1113 2934 Walen·

165 2966 267 3044 sium,
293 2976 329 3032 et
349 2970 445 3050 prius
470 2970 561 3033 bello
577 2971 673 3046 vicit,
696 2976 730 3033 et
753 2968 971 3051 postmodum
996 2968 1114 3032 multis

164 3063 296 3130 nisibus
312 3062 490 3150 resurgere
507 3076 689 3133 conantem
709 3068 823 3150 capite
838 3067 1008 3149 privavit3
1035 3087 1113 3131 suc-

163 3182 318 3229 cessores
333 3168 419 3231 duos
436 3187 481 3231 ex
496 3167 703 3231 satellitibus
716 3168 801 3243 suis,
818 3166 943 3231 fratres
961 3165 1114 3249 ejusdem

166 3261 314 3343 Griffini,
340 3266 489 3347 Blegent
511 3273 546 3330 et
569 3265 812 3342 Riwcllonem,
828 3264 888 3347 qui
911 3284 990 3327 eum
1013 3265 1113 3331 ohse-

164 3522 229 3570 ney:
240 3508 283 3557 the
293 3523 358 3569 pope
370 3510 476 3570 granted
486 3511 515 3571 it,
526 3525 558 3558 on
569 3525 627 3559 con·
652 3508 681 3556 ol
688 3508 730 3556 the
741 3505 873 3555 threnodia
890 3521 922 3554 on
938 3504 981 3553 the
999 3503 1075 3553 death
1086 3505 1116 3553 of

163 3578 243 3626 dition
254 3579 309 3626 that
316 3579 446 3627 Eadward
456 3579 556 3640 should,
564 3579 626 3627 with
651 3577 779 3626 Eadward
791 3575 833 3624 the
845 3574 1032 3634 confessor,-‘
1042 3574 1112 3622 Here

164 3647 207 3695 dre
222 3662 311 3708 money
322 3647 354 3696 he
365 3648 452 3696 would
470 3648 534 3696 have
554 3651 627 3708 spent
650 3644 867 3705 Eadwardhiug,
882 3644 910 3692 of
928 3645 1026 3705 Angles
1047 3642 1112 3703 lord,

165 3715 191 3764 in
202 3716 258 3765 that
264 3731 371 3779 voyage,
381 3717 626 3778 buildamonastery
650 3719 706 3763 sent
717 3715 757 3764 his
769 3713 892 3763 steadfast
906 3713 962 3760 soul
978 3716 1004 3759 to
1016 3710 1112 3771 Christ,

166 3785 341 3835 inhonourof
349 3787 387 3837 St.
399 3787 483 3835 Peter.
650 3783 676 3831 ia
699 3783 740 3831 the
762 3783 877 3842 kingdom
895 3781 924 3839 os
943 3781 997 3828 God
1018 3794 1034 3827 o
1056 3781 1110 3842 boly

648 3852 743 3914 spirit!
764 3850 838 3915 (Sax.
850 3849 943 3898 chron.
960 3850 1010 3897 An.
1024 3848 1111 3911 1066.)

201 3920 209 3953 ¹
234 3923 374 3987 Simplicem
395 3923 509 3986 spiritum
535 3923 625 3970 coeboti
650 3917 1110 3983 KingEadwarddiedon'l'hursday
1183 3948 1185 3953 >

165 4006 241 4054 regno
248 3993 383 4055 exhibuit]
393 3992 447 4040 The
459 3991 574 4039 editores
582 3992 625 4039 the
649 3991 691 4038 the
704 3990 746 4037 ath
758 3989 786 4038 of
793 3989 853 4038 Jan.
863 3991 937 4045 1666,
945 3986 1110 4048 alterareign

165 4061 250 4111 Saxon
272 4062 407 4111 Chronicle
434 4060 511 4126 (Rev.
533 4060 560 4109 J.
583 4061 626 4108 In·
649 4056 1110 4120 estwenty·threeyears,sixmonths,

164 4128 246 4194 gram)
258 4136 375 4193 suggests
387 4131 442 4180 that
450 4129 626 4190 Malmesbury
650 4129 700 4177 and
711 4133 896 4188 twenty-seven
907 4126 980 4186 days.

164 4197 211 4249 has
226 4201 337 4262 adopted
354 4200 396 4249 the
407 4214 467 4260 very
479 4200 626 4261 expression
684 4196 740 4248 ²Ut
751 4212 824 4261 cupro
835 4192 911 4254 dina]
927 4195 1005 4256 §ma
1013 4209 1039 4254 p.
1053 4196 1109 4240 660.

903 4269 960 4332 20
