2858 4890
166 396 235 448 mn.
253 382 296 465 1.]
398 400 511 448 cnsra
536 399 662 447 nncuu
686 399 901 448 suenorum.
1054 385 1120 453 125

167 579 238 622 una
262 558 400 623 exiliis
430 558 587 641 epistolis
615 561 804 642 reperimus
829 559 978 642 qualiter
1004 562 1119 642 gratia

167 667 296 724 nostrae
319 660 520 742 apostolicae
544 659 743 737 functionis
773 661 803 723 si
821 661 930 745 juxta
953 659 1119 738 fuissetis

168 760 318 823 animam
333 767 484 825 vestram
511 781 574 842 pro
598 761 697 825 nobis
723 762 927 842 posuissetis
947 761 1117 843 benigne3

167 860 271 925 immo
291 868 326 925 et
347 867 475 924 nostrae
495 861 719 943 prosperitati
742 860 888 924 multum
911 861 948 923 in
965 861 1119 927 Domino

167 961 426 1043 congaudeatis,
450 967 485 1024 et
507 962 646 1043 quando
670 967 798 1024 nostrae
822 960 1028 1024 dulcissimae
1056 961 1119 1025 ad-·

166 1061 366 1124 monitionis
388 1061 498 1124 literae
521 1060 565 1124 ad
580 1067 705 1126 vestrae
726 1062 967 1125 unanimitatis
996 1081 1118 1144 perve-

166 1161 267 1225 niunt
281 1181 395 1237 aures,
409 1182 488 1225 cum
505 1162 598 1225 omni
614 1163 788 1226 suavitate
802 1161 915 1226 cordis
933 1169 969 1224 et
991 1162 1119 1242 gaudio

166 1262 326 1343 spirituli,
353 1263 453 1345 quasi
475 1262 548 1339 filii,
578 1269 761 1344 paternum
793 1282 918 1325 munus
945 1262 1119 1345 suscipere

166 1360 333 1427 fatemini.
386 1362 577 1433 Fatebatur
592 1382 675 1426 vero
697 1369 733 1426 et
755 1362 832 1440 hoc,
846 1361 939 1445 quod
961 1362 1118 1446 aliquan-

166 1462 275 1526 tulam
291 1483 336 1526 ex
350 1470 468 1526 vestra
484 1461 650 1527 facultate
663 1462 935 1527 benedictionem
948 1464 1048 1526 nobis
1065 1465 1117 1530 of-.

167 1561 247 1626 ferri
256 1562 503 1641 demandastis,
514 1563 549 1627 id
559 1570 624 1641 est,
633 1562 901 1645 centumviginti
910 1556 1117 1642 ¹muncusas‚

166 1682 253 1745 quas
270 1683 347 1727 cum
365 1683 492 1745 magno
508 1683 625 1728 amore
639 1683 701 1746 pro
721 1664 845 1727 animae
858 1670 983 1727 vestrae
1005 1663 1118 1728 salute

166 1764 392 1846 suscepimus.
444 1765 491 1828 Et
521 1764 707 1846 praedictus
735 1762 1013 1847 archiepiscopus
1039 1773 1117 1827 cum'

167 1865 269 1928 sociis
280 1865 353 1928 suis
366 1864 552 1929 honorifice
566 1883 606 1928 ac
621 1864 769 1945 benigne
785 1883 807 1927 a
822 1865 921 1927 nobis
936 1872 1117 1946 susceptus

166 1972 231 2042 cst,
246 1971 281 2028 et
296 1964 453 2049 adjuvari
467 1985 546 2028 eum
561 1965 597 2027 in
610 1965 682 2028 suis
696 1964 958 2028 necessitatibus
973 1964 1118 2029 libenter

166 2064 320 2129 fecimus.
354 2065 495 2130 Interea
509 2065 686 2129 credentes
700 2072 825 2129 vestrae
840 2064 1117 2148 prudentissimae

167 2165 395 2243 excellentiae,
419 2165 478 2230 ubi
503 2165 678 2229 serebatur
689 2164 725 2228 in
743 2164 827 2248 ipsis
852 2166 921 2230 tuis
945 2166 1117 2247 regalibus

167 2266 324 2348 apicibus
354 2266 446 2348 quod
475 2267 602 2330 nostris
643 2264 843 2348 apostolicis
881 2266 1118 2331 sanctionibus

166 2366 281 2430 nullus
296 2365 516 2431 Christianus
538 2367 709 2431 contraire
721 2367 917 2448 praesumit3
941 2366 1019 2430 ideo
1034 2367 1117 2432 totis

168 2468 300 2531 nisibus
336 2469 464 2532 nostris
500 2487 543 2531 ea
571 2487 649 2549 quae
687 2474 748 2531 tuo
788 2487 895 2548 regno
928 2467 1118 2551 expediunt

167 2567 322 2632 emittere
354 2576 459 2651 atque
491 2567 679 2650 praedicare
702 2586 878 2645 conamur,
906 2575 946 2630 ut
970 2587 1013 2632 ea
1037 2577 1116 2651 quae'

168 2669 266 2732 vobis
283 2669 449 2752 praelatus
463 2668 571 2732 frater
593 2675 711 2732 noster
727 2667 934 2731 Ethelardus
949 2667 1117 2751 archiepi-

167 2788 304 2851 scopus
320 2789 382 2833 seu
398 2776 473 2834 tota
492 2768 645 2852 synodus
660 2766 869 2848 evangelicae
892 2774 997 2850 atque
1014 2787 1117 2850 apos·

167 2868 279 2933 tolicae
301 2868 468 2934 doctrinae
498 2875 764 2950 sanctorumque
791 2875 940 2949 patrum,
964 2888 1118 2933 necnon

165 2971 457 3053 praedecessorum
476 2976 675 3033 sanctorum
692 2974 887 3032 nostrorum
904 2968 1117 3050 pontificum,

164 3072 333 3136 canonica
343 3090 488 3135 censura
501 3070 725 3153 praedicante,
739 3075 864 3133 vestrae
880 3068 988 3149 regali
1003 3069 1117 3133 excel-

166 3170 294 3250 lentiae,
318 3191 379 3235 seu
405 3171 538 3235 cunctis
559 3170 772 3253 principibus
794 3169 907 3250 gentis
922 3176 1060 3248 vestrae,
1082 3178 1118 3237 et

166 3272 327 3337 universo
348 3272 477 3355 populo
492 3270 570 3348 Dei,
587 3271 755 3348 edisserit,
779 3289 996 3352 nequaquam
1010 3270 1046 3333 in
1061 3290 1117 3334 or·

166 3372 320 3437 thodoxa
346 3393 464 3437 eorum
489 3371 647 3435 doctrina
674 3370 852 3453 quippiam
874 3371 1033 3440 resistere
1058 3372 1117 3435 de-

166 3474 288 3552 beatiS,
299 3473 450 3537 Domino
464 3492 505 3536 ac
516 3472 748 3553 Redemptore
757 3478 875 3535 nostro
888 3472 925 3534 in
936 3472 1117 3553 evangelio

163 3573 312 3651 dicente,
329 3574 388 3637 ubi
403 3574 464 3650 ait,
488 3578 510 3606 “
521 3565 611 3650 ²Qui
625 3591 687 3636 vos
703 3571 836 3653 recipit,
852 3592 906 3635 me
917 3572 1057 3654 recipit;
1082 3581 1117 3638 et

165 3676 223 3756 qui
239 3676 361 3758 recipit
374 3673 577 3757 prophetam
600 3673 635 3736 in
660 3671 799 3735 nomine
822 3671 1012 3754 prophetae,
1027 3692 1116 3736 mer-

166 3775 283 3839 cedem
312 3775 489 3857 prophetae
517 3772 697 3855 accipiet.’'
750 3771 891 3850 Quanto
913 3772 1024 3853 magis
1053 3793 1117 3854 pro
1210 3818 1218 3835 .

163 3877 240 3957 ipso
263 3876 449 3958 saepedicto
472 3874 740 3956 archiepiscopo,
770 3892 870 3955 quem
895 3873 993 3936 nobis
1017 3872 1118 3943 valde

201 4143 373 4209 ΙΜωιοιι.ςιιε.]
391 4147 419 4196 S.
442 4150 471 4197 C.
490 4149 540 4209 E.;
561 4163 631 4197 man·
690 4145 1116 4213 ²Quivos...prophetcuccipa'etJ

164 4218 246 4281 cuias,
257 4217 290 4268 A.
305 4218 339 4267 D.
352 4218 382 4267 L.
656 4219 731 4269 Matt.
743 4234 769 4268 x.
781 4222 823 4281 40,
834 4221 875 4271 41.
