2858 4890
173 398 243 448 cru.
259 383 316 465 m]
402 399 515 448 casm
539 399 665 448 nncun
689 400 904 452 nacionum
1054 385 1121 450 375

172 564 324 637 quatuor
339 576 508 620 annorum
533 575 675 619 numero
704 556 803 637 regni
825 564 1047 640 computato;
1071 558 1119 622 ei-

171 655 329 738 demque,
347 656 571 739 conquerenti
595 655 638 720 de
659 657 877 739 posteritate,
896 657 1116 739 respondere,

170 756 357 838 ‘Regnum
382 754 577 838 Anglorum
604 763 658 821 est
686 757 773 821 Dei:
797 765 878 840 post
902 763 938 822 te
963 757 1117 840 providit

171 876 287 938 regem
305 857 349 920 ad
363 857 530 939 placitum
547 856 626 920 sui?
961 873 967 878 ·

222 956 240 1040 ᾗ
256 957 333 1022 222.
349 955 460 1020 Porro
473 963 514 1019 ut
525 956 600 1038 jam
612 956 655 1020 de
667 955 844 1020 miraculis
858 956 993 1021 dicam:
1016 954 1113 1021 Ado·
1126 975 1275 1020 uramara..

170 1055 482 1140 lescentula-juxta
497 1056 710 1139 parilitatem
731 1056 900 1120 natalium
917 1057 1030 1121 virum
1052 1056 1114 1122 ha-

169 1158 267 1235 bens,
294 1156 354 1220 sed
382 1156 498 1221 fructu
522 1155 677 1239 conjugii
703 1175 837 1234 carens,
854 1155 1114 1221 luxuriantibus

170 1257 263 1320 circa
297 1257 423 1321 collum
457 1256 670 1334 humoribus
709 1263 846 1339 turpem
878 1256 1113 1322 valetudinem

169 1363 405 1434 contraxerat,
423 1355 598 1438 glandulis
612 1357 916 1438 protuberantibus
929 1356 1112 1423 horrenda.

170 1455 193 1519 J
196 1475 279 1520 ussa
300 1458 434 1520 somnio
458 1455 655 1520 lavaturam
669 1449 845 1521 lmanuum
869 1457 963 1538 regis
988 1459 1111 1539 exqui-

169 1575 256 1634 rere,
282 1557 415 1620 curiam
438 1555 643 1637 ingreditur.
689 1556 771 1620 Rex
788 1557 875 1640 ipse,
888 1576 950 1638 per
966 1575 1005 1620 se
1022 1576 1111 1638 opus

169 1657 311 1738 pietatis
328 1656 533 1740 adimplens,
551 1655 670 1738 digitis
692 1675 785 1739 aqua
809 1656 966 1720 intinctis
983 1658 1111 1722 collum

169 1763 362 1837 pertractat
387 1755 564 1835 mulieris3
596 1756 771 1821 medicam·
792 1756 951 1821 dextram
978 1760 1111 1822 sanitas

169 1854 297 1920 festina
309 1857 542 1938 prosequitur,
553 1855 693 1920 lethalis
710 1863 830 1920 crusta
838 1857 1050 1935 dissolvitur,
1059 1858 1112 1921 ita

168 1963 219 2033 ut,
236 1957 410 2020 vermibus
427 1976 506 2020 cum
523 1956 620 2019 sanie
638 1956 901 2039 profluentibus,
918 1959 1030 2021 omnis
1052 1958 1112 2022 ille

171 2057 299 2120 noxius
315 2063 432 2120 tumor
448 2049 640 2120 ²resideret.
694 2056 774 2133 Sed,
789 2058 871 2139 quia
884 2057 1001 2121 hiatus
1018 2057 1112 2126 ulce-.

169 2175 245 2218 rum
263 2156 377 2221 foedus
394 2163 430 2219 et
445 2156 588 2238 patulus
614 2163 701 2233 erat,
718 2157 884 2239 praecepit
900 2176 981 2225 eam
1000 2176 1110 2239 usque

168 2256 213 2323 ad
236 2257 409 2339 integram
426 2257 612 2320 sanitatem
629 2257 818 2320 curialibus
838 2257 1018 2340 stipendiis
1035 2276 1112 2320 sus·

167 2358 317 2422 tentari:
342 2350 480 2422 ³verum
509 2363 590 2419 ante
615 2357 844 2438 septimanam
876 2364 1037 2421 exactam
1059 2357 1110 2420 ita

168 2456 327 2521 obductis
344 2457 564 2520 cicatricibus
581 2463 730 2521 venusta
751 2458 841 2520 cutis
863 2457 978 2534 rediit,
995 2464 1036 2521 ut
1058 2457 1110 2520 ni-

165 2555 215 2619 hil
247 2557 416 2639 praeteriti
449 2557 560 2620 morbi
592 2556 829 2636 discerneres3
868 2564 950 2639 post
981 2576 1110 2619 annum

165 2675 304 2739 qnoque
329 2657 501 2738 geminam
526 2655 658 2738 prolem
685 2657 801 2734 enixa,
829 2656 1025 2722 sanctitatis
1043 2657 1110 2720 Ed·

165 2756 276 2820 wardi
297 2757 501 2820 miraculum
528 2757 640 2820 auxit.
693 2756 899 2820 Multotiens
922 2776 1000 2820 enm
1021 2757 1111 2820 hanc

165 2864 298 2938 pestem
323 2858 360 2920 in
386 2855 604 2920 Normannia
626 2856 766 2920 sedasse
791 2857 918 2934 serunt,
942 2857 1002 2940 qui
1024 2858 1111 2920 inte·

167 2957 240 3020 rius
262 2957 339 3040 ejus
356 2957 466 3020 vitam
488 2963 659 3021 noverunt
677 2977 685 3022 :
714 2957 805 3020 unde
820 2964 939 3021 nostro
956 2963 1111 3038 tempore

167 3058 310 3138 quidam
339 3056 464 3120 falsam
485 3049 681 3122 *insumunt
706 3076 860 3140 operam,
886 3057 947 3139 qui
976 3075 1110 3120 asseve-

167 3164 246 3222 rant
263 3157 365 3220 istius
382 3157 493 3220 morbi
518 3157 730 3220 curationem
754 3177 824 3221 non
844 3177 890 3236 ex
912 3157 1110 3233 sanctitate,

165 3257 226 3320 sed
243 3277 289 3322 ex
305 3257 433 3338 regalis
450 3258 622 3340 prosapiae
639 3250 866 3333 ⁵haereditate,
882 3256 1038 3320 fluxisse.

215 3357 233 3442 ᾗ
259 3356 335 3422 223.
360 3356 522 3421 Caecatus
548 3355 701 3441 quidam,
727 3376 796 3440 quo
822 3355 1038 3421 incommodo
1061 3354 1113 3418 in-

163 3465 309 3534 certum,
334 3477 506 3522 rumorem
532 3456 747 3539 frequentem
780 3457 816 3519 in
844 3457 943 3520 curia
974 3462 1113 3521 severat

164 3558 349 3623 sanitatem
376 3576 414 3622 se
440 3563 661 3640 recepturum
689 3557 720 3620 si
746 3576 838 3639 aqua
865 3576 911 3621 ex
933 3555 1111 3620 ablutione

197 3845 366 3933 ¹.M⁰'¹.¹‘“'”·]
394 3847 429 3899 ⁴⁴·
459 3830 489 3898 ⁸⁶·
512 3849 548 3900 Β·
570 3850 623 3911 ¹³²³
683 3880 856 3948 nmmum]
873 3883 907 3933 l.
921 3884 951 3932 c.
962 3882 999 3933 u.
1017 3882 1050 3931 s.
1063 3881 1112 3943 c.;

163 3921 268 3969 omitted
278 3935 305 3968 m
317 3919 346 3969 S.
358 3918 389 3967 L.

197 3983 369 4056 affligeret]
394 3987 427 4038 Α·
442 3989 472 4038 c·
484 3989 521 4038 D·
532 3990 565 4040 E·
577 3989 624 4050 ιὰ
649 3955 789 4018 insinuant,
801 3954 830 4005 S.

165 4061 377 4193 “gemme
406 4129 433 4177 D
463 4129 487 4178 Ε
504 4145 510 4158 .
527 4144 625 4179 verum·
684 4091 882 4154 ⁵Hoereditote,
898 4085 1037 4160 fluxisse]
1063 4091 1110 4140 See

166 4205 259 4265 tamen,
269 4200 344 4252 M
356 4163 388 4251 L:
435 4164 442 4179 ’
489 4163 512 4192 ”
652 4163 1010 4246 Petr.Bles.inEpist.›15⁰.
