2858 4890
143 391 286 471 um.11.]
372 407 485 454 cssrA
509 407 636 455 arcun
660 410 874 459 nucuoauu.
1026 397 1092 462 293

142 564 265 629 tientia
295 564 361 628 sibi
383 564 629 628 substerneret.
684 565 843 648 Denique
865 567 974 630 fertur
997 571 1089 651 quod

140 664 312 742 noctibus
343 664 518 728 custodias
549 663 755 728 famulorum
780 665 915 745 fallens
945 669 1088 733 incomi-

140 770 236 828 tatus
259 764 303 829 ad
329 765 519 828 matutinas
551 765 795 828 monachorum
823 768 940 831 venire
963 769 1087 834 solitus

139 863 254 943 fuerit,
270 859 528 947 ¹genullexibus
544 883 654 946 usquc
677 864 721 927 ad
743 865 854 928 lucem
873 867 1086 935 incumbens,

140 963 183 1026 Id
200 966 393 1047 praesertim
404 964 496 1048 apud
512 964 735 1028 Fiscannium
748 983 926 1044 exercens
937 954 1086 1050 quadam

139 1073 239 1128 nocte
268 1066 438 1129 maturius
474 1084 512 1128 se
542 1065 689 1146 agebat3
718 1083 864 1147 cumque
896 1068 1086 1134 invenisset

139 1165 266 1227 ostium
280 1166 489 1240 obseratum,
504 1183 651 1228 excusso
666 1164 852 1228 violentius
863 1167 1014 1247 pessulo,
1028 1188 1085 1232 so-

138 1283 255 1345 porem
276 1265 432 1328 sacristae
460 1264 625 1327 turbavit.
679 1263 756 1342 Ille,
786 1266 931 1331 miratus
959 1266 994 1330 in
1022 1269 1085 1334 tali

138 1365 250 1429 noctis
276 1364 416 1428 horrore
442 1362 612 1446 pulsantis
637 1364 830 1446 strepitum,
859 1368 1022 1445 surrexit,
1045 1376 1085 1434 ut

136 1463 270 1528 videret
283 1472 355 1528 tam
370 1463 510 1528 audacis
526 1462 610 1526 sacti
624 1465 798 1527 conscium
811 1485 819 1545 ;
842 1466 1085 1551 reperiensque

136 1571 176 1627 ut
204 1563 386 1628 videbatur
414 1563 592 1639 rusticum,
623 1562 756 1645 plebeio
783 1571 912 1629 tectum
942 1568 1083 1646 amictu,

136 1682 205 1727 non
228 1665 343 1746 potuit
355 1663 469 1727 animo
492 1682 556 1726 suo
578 1663 746 1744 imperare
762 1671 802 1728 ut
815 1666 973 1729 manibus
995 1674 1082 1731 tem·

137 1770 285 1845 peraret,
309 1763 382 1841 sed,
402 1762 595 1828 vehementi
620 1761 700 1825 selle
726 1772 928 1843 commotus,
953 1767 1081 1831 crinem

134 1862 280 1942 invadit,
296 1863 424 1927 multos
445 1861 573 1926 illustri
586 1861 660 1926 viro
682 1862 846 1945 colaphos
867 1866 1080 1947 infringens:

135 1963 238 2029 durat
259 1963 317 2028 ille
340 1961 533 2026 incredibili
560 1962 742 2045 patientia,
767 1983 829 2026 nec
854 1967 978 2029 mutire
1004 1966 1082 2048 dig·

135 2071 249 2128 natus
274 2067 277 2073 '
313 2063 460 2128 Postero
489 2062 545 2125 die
573 2062 609 2125 in
634 2062 786 2144 capitulo
817 2066 991 2146 querelam
1021 2067 1081 2131 de·

136 2165 235 2246 ponit
247 2185 256 2244 ;
280 2165 401 2246 iraque
416 2162 590 2239 simulata,
604 2161 810 2227 monachum
824 2162 869 2226 ad
885 2165 998 2227 vicum
1012 2163 1082 2229 Ar·

134 2265 271 2345 gen'tias
295 2264 360 2327 sibi
382 2263 548 2346 praecepit
570 2281 759 2340 occurrere,
781 2262 947 2327 minitans
971 2284 1008 2327 se
1027 2264 1081 2328 ul-

134 2371 250 2428 turum
274 2364 316 2427 in
332 2363 407 2447 ejus
435 2362 640 2445 pervicacia,
664 2362 756 2444 quod
782 2369 858 2427 tota
885 2362 1082 2445 loqueretur

136 2462 263 2527 Gallia.
308 2463 376 2528 Die
392 2462 486 2526 dicta
502 2461 670 2526 monacho
682 2468 833 2539 astante,
849 2468 885 2526 et
899 2483 971 2545 prae
985 2470 1078 2528 metu

133 2569 226 2646 pene
236 2562 448 2639 exanimato,
470 2581 543 2625 rem
565 2562 762 2644 proceribus
783 2563 939 2644 exponit,
955 2564 1081 2627 atroci·

134 2670 241 2727 tatem
258 2662 341 2727 facti
360 2682 422 2745 per
437 2660 739 2743 amplificationem
761 2681 998 2744 exaggerans;
1022 2681 1081 2726 co·

131 2769 273 2827 nantem
304 2783 399 2826 reum
428 2760 635 2843 respondere
666 2759 800 2824 callidis
829 2761 1080 2844 objectionibus

132 2862 334 2946 aliquandiu
363 2860 555 2944 suspendit.
606 2860 799 2937 Postremo,
831 2868 871 2924 ut
896 2861 1080 2944 jocundior

127 2970 224 3027 'esset
246 2962 476 3026 miserationis
498 2960 654 3038 materia,
677 2961 721 3023 ab
744 2961 967 3042 optimatibus
985 2960 1078 3044 judi-

133 3071 249 3128 catum
265 3063 452 3128 clementer
465 3059 626 3138 absolvit,
643 3067 823 3141 totumque
838 3060 951 3124 vicum
968 3046 1078 3140 illum,

133 3164 194 3245 qui
208 3163 329 3246 optimi
343 3163 414 3227 vini
436 3162 535 3225 ferax
557 3178 633 3224 esso
655 3159 792 3236 dicitur,
810 3179 888 3223 cum
910 3160 1077 3243 appendi-

134 3263 191 3326 tiis
207 3263 292 3340 suiS,
307 3260 418 3326 officio
428 3255 441 3293 ²
447 3261 522 3345 ejus
539 3258 693 3339 addixit;
712 3259 943 3341 pronuncians
957 3279 1079 3344 mona·

133 3361 234 3424 chum
260 3380 336 3425 esse
351 3361 530 3443 optimum,
549 3359 621 3441 qui,
635 3360 722 3423 bene
737 3358 934 3423 custodiens
953 3379 1079 3424 munus

131 3461 336 3545 injunctum,
355 3455 435 3525 ³nec
456 3459 607 3543 percitus
630 3459 683 3522 ira
703 3458 876 3523 laxaverit
890 3460 1075 3524 silentium.

133 3554 239 3627 ⁴Post
253 3561 378 3644 viginti
392 3567 471 3625 octo
487 3578 596 3623 annos
613 3557 760 3623 ducatus
774 3560 894 3623 mortis
909 3559 1001 3624 viam
1023 3561 1077 3624 in-

167 3791 174 3822 ¹
190 3793 388 3858 Genustexibna.]
403 3794 432 3842 G.
444 3792 480 3842 D.
492 3793 526 3842 Ε.
538 3791 593 3852 Μ.;
620 3790 735 3851 example
754 3789 784 3838 of
799 3789 842 3838 the
860 3804 977 3839 manners
993 3789 1023 3839 ol
1036 3750 1079 3840 the

131 3865 358 3928 genuflexionibus,
368 3862 402 3913 A.
414 3862 443 3912 S.
455 3862 486 3911 L.
619 3874 675 3922 age.
695 3858 778 3924 (Prol.
790 3859 852 3907 lieo.
863 3859 909 3909 des
921 3859 991 3910 Hist.
1003 3859 1036 3909 de
1052 3859 1079 3910 la

165 3931 272 3998 Ἕκ]
284 3933 318 3983 Α.
328 3935 358 3983 0.
371 3933 406 3982 D.
415 3934 448 3982 Ε.
458 3932 490 3982 L.
500 3946 507 3993 3
525 3931 593 3994 ejus·
619 3930 725 3989 France,
735 3933 795 3977 tom.
806 3924 846 3991 x.)

132 4006 190 4054 dem
202 4002 326 4064 saresta,
336 4003 366 4053 S.
654 3996 663 4026 ⁴
683 3999 745 4047 Post
759 3997 851 4059 uiginti
868 4002 920 4046 octo
941 4013 1016 4047 aanor
1033 4001 1079 4048 da·

166 4072 242 4123 3Νιο
250 4067 381 4140 percitus]
399 4070 460 4120 This
472 4069 593 4120 anecdota
618 4063 720 4136 rotae]
753 4067 865 4116 Richard
887 4067 925 4118 ΙΙ.
948 4067 1007 4117 held
1030 4068 1079 4117 'the

130 4144 160 4194 of
172 4145 283 4194 Richatd
295 4144 334 4207 II,
346 4142 415 4191 duke
430 4140 460 4191 of
468 4141 594 4190 Norman·
619 4138 704 4200 duchy
715 4137 745 4187 of
753 4138 900 4200 Normandy
908 4138 986 4201 thirty
994 4153 1079 4201 years.

132 4215 177 4278 dy,
188 4215 235 4266 has
246 4215 310 4266 been
321 4212 460 4264 citedasa
479 4211 594 4276 singular
618 4210 735 4260 Scenote
745 4205 766 4273 ³,
776 4224 803 4271 p.
816 4211 873 4259 292,
1029 4219 1033 4229 ’
