2858 4890
162 409 229 456 mn.
247 389 290 472 r.]
390 406 503 456 cnsrn
530 403 657 458 nncuu
681 404 896 459 nucnonuu.
1071 390 1115 455 11

82 583 84 586 ⁴
164 563 218 627 nit
240 563 459 628 Britanniam
480 583 616 642 manus,
643 584 753 647 parva
775 566 926 649 quidem,
953 564 1014 628 sed
1038 582 1117 647 quae

165 665 376 746 paucitatem
395 683 495 727 suam
520 658 664 728 ¹virtute
685 665 834 742 fulciret,
856 665 1001 729 ducibus
1017 665 1117 728 Hen-
1130 682 1277 732 noratur

167 765 260 845 gisto
283 771 319 827 et
342 763 450 842 Hors,
476 765 664 829 commodae
689 765 814 829 indolis
834 764 1010 841 fratribus
1025 764 1117 827 haud
1131 734 1194 774 ΗΜ
1282 760 1285 764 ’

168 864 315 928 obscura
339 864 448 946 stirpe
471 865 564 946 apud
591 884 673 928 suos
696 865 868 928 oriundis:
904 870 1003 927 erant
1025 863 1118 927 enim

167 963 356 1046 abnepotes
393 964 486 1027 illius
523 965 752 1046 antiquissimi
783 965 931 1038 Woden,
970 964 1012 1026 de
1049 982 1119 1045 quo

167 1064 321 1126 omnium
333 1082 420 1146 pene
434 1065 658 1127 barbararum
680 1065 836 1145 gentium
851 1062 986 1145 regium
1008 1082 1118 1144 genus

167 1162 295 1226 lineam
321 1163 439 1239 trahit,
460 1182 630 1246 quemque
652 1171 773 1244 gentes
798 1162 993 1245 Anglorum
1016 1163 1118 1225 deum

169 1281 245 1325 esse
269 1263 467 1340 deliranteS,
493 1264 525 1327 ei
545 1271 708 1345 quartum
731 1264 822 1327 diem
845 1264 1060 1345 septimanae,
1081 1269 1119 1326 et

169 1369 307 1425 sextum
329 1363 431 1426 uxori
455 1382 527 1425 suae
552 1363 662 1439 Freae,
687 1372 853 1446 perpetuo
877 1363 922 1426 ad
948 1362 1013 1426 hoc
1031 1369 1118 1425 tem-

169 1467 235 1543 pus
262 1469 552 1526 consecraverunt
575 1463 769 1544 sacrilegio.
821 1463 865 1526 In
888 1461 1011 1544 quibus
1034 1481 1118 1525 vero

168 1560 255 1624 locis
269 1561 462 1625 Britanniae
471 1560 579 1643 Angli
590 1563 645 1626 vel
655 1562 812 1626 Saxones
825 1562 880 1626 vel
893 1556 1008 1626 ²Jutae
1017 1559 1116 1624 habi·

170 1660 337 1724 tationem
352 1661 564 1737 locaverunt,
580 1656 592 1692 ³
598 1662 696 1725 Beda
707 1682 777 1726 non
796 1669 900 1725 tacet.
947 1660 1116 1724 Nostrum

170 1762 384 1843 propositum
395 1768 460 1837 est,
474 1761 633 1843 quamvis
646 1761 766 1826 affluat
780 1762 937 1838 materia,
952 1760 1033 1824 stilo
1047 1779 1127 1823 non

170 1860 361 1942 indulgere,
375 1860 435 1923 sed
449 1867 584 1924 tantum
600 1863 795 1926 necessaria
809 1881 956 1945 quaeque
969 1860 1089 1924 libare.

224 1959 241 2043 §
256 1960 289 2024 6.
299 1953 545 2024 ⁴Venientibus
566 1961 673 2042 igitur
687 1961 814 2044 Anglis
835 1961 986 2043 undique
1001 1979 1120 2023 occur·

170 2078 269 2124 sum:
287 2079 309 2123 a
323 2080 404 2142 rege
416 2059 600 2142 impertitae
612 2061 746 2142 gratiae,
758 2080 780 2124 a
791 2062 919 2144 populo
927 2061 1054 2124 effusus
1068 2057 1121 2122 sa·

171 2178 246 2237 vor,
262 2160 345 2223 data
355 2160 422 2223 fide
431 2167 651 2243 acceptaque,
661 2169 695 2225 et
706 2162 835 2225 tradita
844 2161 1000 2224 Tanatos
1009 2158 1123 2222 insula

170 2257 336 2323 incolatui
351 2279 469 2323 eorum
484 2261 702 2324 subventum.
747 2259 905 2325 Accessit
919 2269 955 2324 et
969 2266 1122 2341 pactum,
1136 2273 1196 2322 Ther
1209 2273 1273 2313 ertu

171 2366 212 2422 ut
223 2359 275 2422 illi
287 2355 299 2390 ⁵
299 2359 432 2442 junctis
446 2360 650 2424 umbonibus
664 2360 807 2424 sudores
821 2380 902 2424 suos
917 2360 1039 2442 patriae
1058 2358 1123 2420 im·
1135 2323 1288 2415 pfflnor

172 2459 373 2540 penderent,
396 2459 567 2541 recepturi
589 2461 820 2524 emolumenta
842 2461 974 2523 militiae
1000 2460 1044 2522 ab
1069 2457 1123 2520 his

173 2577 320 2641 quorum
342 2558 448 2622 saluti
460 2559 598 2639 vigilias
619 2560 882 2642 praetenderent.
936 2555 1133 2622 Paululum.

173 2659 209 2720 in
221 2659 335 2722 medio
348 2678 466 2734 morae,
481 2667 517 2722 et
536 2679 615 2723 ecce
630 2658 769 2724 Scottos
784 2659 1022 2734 adventantes,
1038 2657 1124 2720 faci-

173 2757 267 2838 lique
278 2758 419 2840 negotio
432 2777 605 2822 cessuram
619 2759 685 2822 sibi
696 2767 736 2823 ut
750 2778 856 2841 supra
868 2757 1019 2841 praedam
1029 2757 1124 2820 aesti-

175 2861 321 2935 mantes
334 2857 440 2940 Angli
455 2858 646 2923 invadunt:
661 2860 712 2922 illi
727 2858 788 2922 vix
802 2858 883 2921 dum
895 2857 1022 2921 collato
1037 2857 1124 2938 pede

176 2956 294 3038 fugam
306 2966 529 3040 componunt,
544 2958 735 3038 fugitantes
750 2977 854 3039 eques
867 2952 1091 3021 ⁶consecutus
1102 2975 1125 3019 a

178 3063 276 3138 tergo
299 3057 432 3121 cecidit.
477 3057 535 3120 Sic
550 3078 620 3122 non
639 3059 745 3122 semel
762 3065 953 3121 certatum:
977 3075 1124 3136 cumque

177 3175 311 3238 semper
324 3156 471 3221 victoria
492 3159 700 3221 consentiret
718 3157 853 3238 AngliS,
877 3164 917 3219 ut
939 3155 1011 3219 fere
1033 3156 1072 3218 fit
1088 3156 1124 3218 in

176 3257 278 3319 rebus
293 3257 501 3334 mortalium,
514 3265 549 3321 et
561 3257 637 3320 istis
652 3277 831 3321 successus
845 3256 1003 3320 accendit
1018 3255 1124 3318 auda-

177 3356 277 3432 ciam,
291 3364 327 3420 et
342 3356 410 3419 illis
426 3357 529 3420 timor
542 3358 629 3420 aluit
643 3358 819 3438 ignaviam
833 3378 841 3435 ;
857 3377 966 3439 eoque
979 3375 1034 3418 res
1045 3374 1125 3439 pro-

178 3446 282 3519 cessit
291 3463 330 3518 ut
345 3456 430 3518 nihil
445 3457 556 3537 magis
571 3457 683 3520 Scotti
698 3477 802 3539 quam
817 3476 894 3519 cum
909 3455 1036 3538 Anglis
1052 3474 1124 3518 ma·

178 3575 243 3625 nus
259 3575 439 3619 conserere
454 3564 628 3620 caverent.
723 3611 726 3616 .

214 3793 365 3857 wenta]
382 3794 410 3844 c.
428 3795 522 3856 u.n.;
541 3796 640 3844 virtuti-
667 3797 849 3858 vauesfleot
872 3797 1004 3862 (Ebsfleet,
1032 3797 1058 3844 n
1085 3796 1128 3845 ne

178 3867 236 3924 bus,
247 3865 281 3914 D.
292 3864 330 3913 Μ.
667 3868 713 3916 isle
724 3866 753 3915 of
760 3863 878 3930 Thana).
914 3866 974 3914 Sax.
988 3866 1081 3915 Chron.

212 3931 323 3996 Uota]
333 3933 389 3982 One
396 3934 453 3982 MS.
460 3933 538 4000 (Cott.
547 3935 639 3985 Claud.

181 4001 232 4068 rx.)
244 4004 318 4052 reads
329 4005 337 4031 ‘
347 4004 460 4052 wichti!

215 4072 226 4105 ³
238 4075 308 4123 Beda
315 4089 362 4122 aon
373 4069 460 4143 tacet]
474 4074 556 4136 Beda,
567 4075 611 4124 lib.
621 4087 639 4123 1.

179 4149 400 4277 albicantibus
420 4212 502 4275 igitur
523 4208 639 4281 Augila]
702 4205 894 4277 ⁶Consecutur]
915 4211 945 4259 G.
964 4210 1000 4260 D.
1020 4209 1054 4262 E.
1074 4208 1132 4272 M.;

181 4285 299 4348 Hengest
328 4284 379 4333 and
402 4284 471 4333 Hors
493 4283 588 4333 lunded
615 4289 642 4332 et
668 4281 806 4344 insecutus,
818 4279 851 4333 A.
864 4281 893 4331 S.
905 4280 936 4332 L.
959 4279 962 4284 ’
993 4301 995 4307 ·

703 3967 823 4017 ‘Junctis
833 3967 994 4030 umbonibus]
1007 3966 1040 4017 A.
1054 3969 1083 4017 C.
1092 3968 1128 4017 D.

668 4039 700 4088 F.
712 4039 742 4088 1..
764 4040 820 4098 M.;
842 4038 1003 4099 umbonibus,
1019 4039 1069 4099 E.;
1091 4037 1130 4085 in·

666 4110 740 4158 victis
753 4108 911 4170 umbonibus,
923 4107 952 4159 S.
