2858 4890
348 392 414 456 236
572 406 685 454 oneri
709 404 835 452 ancon
860 401 1072 451 iuononun.
1161 387 1247 469 [mn.
1263 402 1302 448 11.

350 585 433 629 num
463 574 498 630 et
522 563 753 628 necessarium
776 561 900 645 patriae
924 559 1055 644 aliquid
1078 560 1209 639 fecerit,
1234 581 1303 643 quo

351 686 421 730 non
451 665 696 729 monasterium
732 682 860 726 novum
893 662 1101 725 fundaverit.
1173 661 1303 726 Nullas

350 766 493 829 insidias
516 765 793 840 domesticorum,
816 763 950 826 nullum
970 762 1214 826 exterminium
1237 762 1302 826 ali-

352 886 506 942 enorum,
537 865 656 928 sensit.
710 863 843 945 Regem
874 862 1073 926 Scottorum
1100 861 1303 940 Kinadium,

353 964 583 1029 cumbrorum
610 964 846 1041 Malcolmum,
872 957 1135 1044 ¹archipiratam
1159 962 1303 1027 Mascu-

353 1066 453 1144 sium,
478 1084 664 1147 omnesque
688 1083 787 1145 reges
811 1063 1041 1138 walensium,
1065 1083 1213 1145 quorum
1239 1083 1304 1128 no·

353 1166 447 1230 mina
460 1166 556 1229 fuere
571 1164 715 1241 Dufnal,
733 1163 882 1242 Giferth,
907 1163 1039 1239 Huual,
1053 1163 1076 1228 J
1079 1166 1178 1242 acob,
1192 1163 1215 1228 J
1217 1163 1304 1228 ude-

355 1266 432 1344 thil,
455 1264 500 1330 ad
524 1267 653 1330 curiam
679 1273 829 1341 coactos,
852 1285 922 1328 uno
940 1270 975 1328 et
995 1272 1162 1347 perpetuo
1185 1283 1304 1328 sacra-

353 1375 471 1431 mento
498 1367 564 1430 sibi
588 1366 778 1446 obligavit;
803 1364 890 1428 adeo
915 1373 966 1443 ut,
993 1365 1084 1447 apud
1107 1357 1304 1429 ²civitatem

355 1467 545 1550 Legionum
562 1466 628 1530 sibi
642 1472 874 1542 occurrentes
898 1465 935 1528 in
960 1483 1122 1549 pompam
1136 1465 1305 1548 triumphi

353 1561 429 1651 ³per
444 1567 589 1631 fluvium
605 1568 661 1630 De
674 1567 753 1629 illos
770 1565 965 1629 deduceret.
1022 1565 1100 1629 Una
1114 1566 1205 1630 enim
1219 1567 1304 1633 navi

353 1667 545 1752 impositos
558 1668 633 1750 ipse
649 1666 693 1730 ad
708 1685 846 1749 proram
861 1665 985 1729 sedens
1007 1667 1175 1748 remigare
1198 1687 1303 1750 coge-

353 1768 435 1849 bat;
458 1788 520 1852 per
550 1767 616 1831 hoc
638 1773 816 1831 ostentans
832 1765 984 1847 regalem
999 1767 1305 1848 magnificentiam,

354 1870 414 1950 qui
452 1867 642 1952 subjectam
662 1954 664 1958 Α
681 1866 822 1931 haberet
849 1874 903 1930 tot
935 1887 1056 1948 regum
1098 1869 1303 1951 potentiam.

355 1968 516 2052 Denique
541 1969 651 2033 fertur
677 1968 806 2031 dixisse
832 1974 914 2030 tunc
938 1967 1075 2031 demum
1096 1987 1198 2050 posse
1223 1990 1303 2034 suc·

355 2087 508 2134 cessores
533 2088 615 2134 suos
639 2069 780 2151 gloriari
804 2087 841 2131 se
866 2086 966 2149 reges
989 2065 1185 2151 Anglorum
1213 2089 1303 2148 esse,

353 2190 431 2234 cum
476 2178 575 2234 tanta
617 2158 786 2233 honorum
825 2169 1059 2259 praerogativa
1093 2167 1303 2237 fruerentur.

355 2270 457 2334 Unde
470 2270 607 2334 factum
623 2277 688 2346 est,
706 2276 757 2346 ut,
774 2268 868 2332 sama
889 2268 965 2352 ejus
988 2289 1050 2352 per
1064 2289 1126 2333 ora
1148 2271 1303 2336 omnium

353 2372 533 2447 volitante,
568 2370 784 2452 alienigenae,
813 2369 983 2445 Saxones,
1010 2369 1212 2449 Flandritae,
1232 2371 1302 2454 ipsi

351 2472 455 2535 etiam
470 2470 576 2551 Dani,
596 2470 660 2534 huc
669 2473 867 2553 frequenter
880 2470 1143 2552 annavigarent,
1158 2471 1300 2554 Edgaro

351 2571 539 2635 familiares
554 2571 682 2636 effecti:
702 2590 847 2654 quorum
862 2571 1032 2635 adventus
1046 2590 1211 2654 magnum
1220 2593 1301 2655 pro-

352 2671 556 2737 vincialibus
572 2672 815 2736 detrimentum
837 2672 983 2754 peperit,
1006 2671 1134 2755 quoda
1150 2672 1300 2737 Saxoni-

350 2774 415 2836 bus
439 2775 633 2837 animorum
660 2772 871 2836 inconditam
896 2771 1123 2850 ferocitatem,
1146 2793 1169 2837 a
1192 2773 1301 2838 Flan-

351 2873 449 2937 dritis
472 2892 654 2956 corporum
676 2892 835 2937 enervem
852 2873 1044 2951 mollitiem,
1064 2893 1087 2937 a
1101 2873 1213 2938 Danis
1236 2895 1300 2958 po-

351 2976 519 3038 tationem
542 2975 735 3053 discerent3
765 2973 920 3037 homines
942 2973 1090 3038 antehac
1109 2975 1144 3038 in
1169 2975 1300 3040 talibus

349 3072 488 3156 integri,
515 3081 550 3138 et
576 3074 728 3138 naturali
762 3075 984 3156 simplicitate
1013 3093 1077 3138 sua
1107 3074 1300 3154 defensare,

349 3175 462 3239 aliena
475 3195 545 3239 non
561 3175 689 3238 mirari.
743 3173 830 3237 Inde
853 3175 975 3238 merito
985 3175 1134 3259 jureque
1156 3177 1300 3259 culpant

348 3296 426 3339 eum
457 3276 592 3354 literac3
625 3294 705 3338 nam
739 3282 884 3338 caeteras
908 3275 1080 3354 infamiae,
1107 3295 1195 3358 quas
1217 3285 1299 3361 post

348 3375 471 3453 dicam,
487 3376 599 3457 magis
613 3382 851 3459 resperserunt
866 3376 1059 3441 cantilenae.

383 3658 391 3689 ¹
415 3659 602 3724 archipiratam
629 3659 811 3722 Muscarium]
836 3657 898 3720 ret]
926 3657 956 3706 S.
977 3659 1034 3707 02.
1051 3659 1085 3709 Ε.
1104 3659 1157 3721 L.;
1180 3675 1226 3723 per
1252 3661 1301 3710 flu·
1370 3714 1374 3722 ,

345 3731 471 3781 ‘Maccus
490 3732 657 3794 plurimarum
676 3745 723 3778 rex
742 3732 812 3779 insu·
837 3729 906 3776 vium
925 3728 1018 3778 Deiros
1034 3729 1182 3793 deduceret,
1199 3730 1232 3781 A.
1245 3731 1300 3795 D.;

347 3802 447 3852 larum.’
464 3802 545 3868 (Flor.
554 3796 681 3864 Wigorn.)
836 3813 883 3859 per
896 3799 1000 3847 fluvium
1016 3798 1073 3848 illos
1084 3800 1230 3866 deduceret,
1243 3805 1300 3854 Cl.

382 3870 546 3922 9Οἱυὶίιιιιιιι
563 3863 725 3937 Legionem]
752 3867 771 3917 i.
790 3883 811 3917 e.
838 3869 931 3917 —The
954 3869 1154 3922 celebrationes
1173 3873 1300 3935 Eadgar’s

350 3941 465 3993 Chester.
836 3939 946 4002 triumph
964 3955 996 3988 on
1007 3942 1050 3990 the
1061 3941 1118 3991 Dec
1133 3945 1255 3993 occurred
1272 3945 1299 3995 in

380 4011 391 4040 ³
402 4015 454 4063 Per
467 4013 576 4078 fluvium
588 4012 628 4061 De
644 4011 699 4061 illoc
710 4009 810 4058 deduce·
836 4009 876 4058 the
888 4026 950 4071 year
961 4015 1019 4062 97³.
