2858 4890
366 365 412 430 32
590 381 704 430 cnsrn
728 380 854 429 arcun
879 378 1091 428 nucnonuu.
1189 365 1277 447 [nin.
1295 380 1319 427 1.

203 561 349 602 nauno-
365 541 540 605 lustraret.
595 538 735 610 Mactus
766 537 871 602 animi
900 558 975 615 rex,
1002 556 1139 620 magnae
1175 557 1319 620 prorsus

204 612 353 663 mmmm
365 640 478 704 laudis
496 639 626 704 factum
641 639 797 715 adorsus,
812 645 852 703 ut
867 638 980 715 fidem,
995 656 1099 721 quam
1122 646 1206 702 tunc
1229 630 1320 703 tem-

294 744 312 759 ”
365 741 460 823 poris
481 759 570 822 pene
588 759 707 803 omnes
729 758 829 822 reges
842 745 877 803 et
889 738 1009 822 populi
1031 745 1320 821 persequerentur

366 839 567 917 exhibitam,
607 838 683 922 ipse
712 839 804 904 ultro
845 844 1025 921 appeteret
1055 837 1117 902 vix
1151 837 1318 904 auditam.

366 939 549 1004 Venerunt
585 959 680 1020 ergo,
710 937 910 1004 Eleutherio
947 933 1118 1014 mittente,
1147 937 1319 1019 praedica⁴

366 1045 459 1104 tores
473 1040 703 1116 Britanniam,
719 1058 864 1121 quorum
887 1039 924 1103 in
947 1056 1060 1103 aevum
1083 1036 1221 1102 durabit
1245 1035 1322 1101 cffi-

365 1139 474 1216 cacia,
497 1133 670 1222 ¹quamvis
691 1139 794 1221 longe
818 1139 907 1203 situs
929 1138 1044 1203 aetatis
1066 1137 1319 1220 consumpserit

367 1240 518 1304 nomina.
586 1237 725 1302 Horum
757 1238 823 1304 fuit
850 1257 955 1321 opera
981 1243 1121 1303 vetusta
1150 1238 1187 1301 in
1211 1235 1320 1301 Glas-

366 1340 462 1404 tonia
490 1344 621 1402 sanctae
653 1338 777 1402 Mariae
811 1338 967 1415 ecclesia,
999 1337 1090 1401 sicut
1117 1336 1227 1401 fidelis
1255 1357 1320 1420 per

367 1439 531 1514 succidua
553 1438 670 1502 secula
694 1458 764 1502 non
784 1439 894 1502 tacuit
917 1437 1117 1520 antiquitas.
1169 1437 1260 1501 Sunt
1282 1445 1319 1502 et

366 1539 436 1604 illae
464 1558 534 1602 non
565 1539 702 1620 exiguae
728 1537 807 1603 fidei
830 1539 941 1602 literae
965 1537 1002 1600 in
1027 1537 1202 1602 nonnullis
1230 1537 1317 1602 locis

366 1647 513 1722 repertae
540 1638 584 1702 ad
613 1637 703 1702 hauc
730 1639 949 1716 sententiam,
973 1636 1187 1701 ‘Ecclesiam
1212 1634 1319 1702 Glas·

366 1739 472 1804 toniae
504 1758 573 1803 non
602 1738 758 1803 fecerunt
787 1737 932 1802 aliorum
967 1736 1144 1801 hominum
1180 1756 1317 1816 manus,

367 1840 427 1904 sed
466 1838 533 1922 ipsi
560 1838 720 1921 discipuli
747 1837 877 1902 Christi
915 1856 991 1902 eam
1032 1837 1317 1901 aedificaverunt!

326 1939 328 1943 ’
368 1938 445 2003 Nec
459 1938 620 2002 abhorret
634 1957 656 2001 a
669 1957 751 2002 vero
763 1959 771 2018 3
796 1938 879 2020 quia
892 1938 923 2001 si
938 1935 1121 2020 Philippus
1137 1938 1318 2020 apostolus

368 2036 481 2102 Gallis
495 2037 708 2120 praedicavit,
722 2031 832 2102 ²sicut
848 2036 1030 2102 Freculsus
1045 2037 1133 2101 libro
1152 2036 1318 2115 secundo,

367 2138 520 2221 capitulo
534 2143 671 2220 quarto,
685 2138 780 2216 dicit,
801 2145 916 2221 potest
937 2137 1030 2201 credi
1046 2136 1138 2220 quod
1161 2143 1197 2202 et
1218 2145 1316 2201 trans

368 2257 534 2302 oceanum
556 2238 724 2301 sermonis
746 2238 878 2302 semina
896 2237 990 2322 jecit.
1043 2237 1111 2302 Sed
1135 2257 1179 2301 ne
1198 2237 1319 2303 videar

367 2359 429 2421 pcr
454 2332 671 2421 'opinionum
694 2338 827 2402 naenias
852 2338 1020 2402 lectorum
1041 2337 1318 2420 expectationem

367 2437 541 2517 fraudare,
565 2439 634 2502 illis
656 2457 734 2520 quae
760 2438 957 2521 discrepant
979 2437 1015 2501 in
1038 2437 1151 2502 medio
1176 2437 1318 2517 relictis,

366 2539 411 2628 ad
424 2538 545 2603 solidae
558 2538 715 2604 veritatis
731 2546 832 2621 gesta
847 2538 1039 2603 enarranda
1055 2537 1247 2620 succingar.

597 2730 645 2778 nn
668 2729 840 2778 nccnnsrn
862 2711 1082 2776 cunsromn'.

368 2917 371 2921 .
391 2835 487 2920 820.
500 2837 659 2904 Ecclesia
672 2839 715 2903 de
726 2858 796 2923 qua
804 2838 989 2923 loquimur,
1000 2857 1079 2921 quae
1093 2857 1156 2920 pro
1166 2836 1318 2921 antiqui-

363 2942 441 3007 'tate
456 2939 512 3003 sui
527 2938 707 3004 celebriter
720 2942 764 3003 ab
779 2938 905 3022 Anglis
921 2936 1180 3016 Ealdeohirche,
1195 2938 1231 3002 id
1253 2946 1318 3019 est,

367 3035 519 3102 Vetusta
533 3039 701 3117 Ecclesia,
722 3046 953 3122 nuncupatur,
973 3039 1084 3121 primo
1099 3038 1231 3121 virgea,
1258 3059 1318 3104 ne·

365 3135 438 3200 scio
453 3139 536 3220 quid
551 3139 678 3204 divinae
694 3139 890 3203 sanctitatis
905 3138 981 3222 jam
1003 3137 1084 3202 inde
1106 3156 1128 3202 a
1148 3137 1319 3222 principio

365 3235 524 3315 redoluit,
548 3239 761 3322 spiravitque
776 3239 813 3302 in
830 3259 965 3303 omnem
984 3238 1146 3321 patriam,
1159 3239 1319 3322 quamvis

400 3441 408 3473 ¹
430 3445 549 3499 Qmmvtr
569 3445 639 3506 longe
661 3446 726 3494 ritae
745 3447 828 3494 etatis
852 3450 903 3494 two
928 3450 1008 3508 parts.
1044 3446 1098 3495 The
1115 3448 1178 3508 first,
1195 3445 1259 3496 from
1277 3449 1320 3499 the

362 3514 536 3578 consumpserit
546 3515 663 3580 aomina]
680 3516 733 3564 The
741 3531 828 3565 names
852 3521 1063 3566 commencement
1084 3517 1113 3565 or'
1132 3517 1175 3566 the
1194 3519 1277 3568 world
1293 3524 1320 3569 to

364 3583 394 3633 ol
400 3584 443 3634 the
454 3585 588 3646 preachers
599 3591 655 3635 sent
666 3601 726 3635 over
736 3591 763 3635 to
771 3587 829 3634 Bri·
852 3585 895 3635 the
906 3586 973 3634 birth
982 3586 1012 3635 os
1014 3586 1110 3649 Christ,
1117 3589 1230 3637 contains
1241 3604 1319 3640 eeven

363 3654 489 3704 tainwere
494 3656 828 3718 FaganusandDuvianus:
852 3657 949 3717 books3
968 3656 1010 3706 the
1023 3657 1115 3706 second
1124 3662 1190 3718 part,
1200 3658 1264 3707 from
1275 3660 1320 3709 the

362 3724 424 3788 they
442 3741 486 3775 are
506 3727 562 3775 said
579 3730 605 3775 to
624 3726 688 3775 have
710 3726 828 3788 baptized
852 3726 920 3776 birth
928 3728 957 3776 or'
961 3727 1004 3776 the
1015 3727 1208 3776 Sariourtothe
1219 3730 1320 3793 coming
1404 3739 1408 3745 '

363 3795 460 3846 Lucius
471 3797 522 3844 and
532 3812 609 3859 many
619 3796 648 3846 of
655 3796 695 3846 his
707 3797 829 3859 subjecte.
854 3796 883 3845 of
902 3797 945 3848 the
967 3798 1062 3846 Franco
1089 3795 1141 3845 and
1168 3797 1321 3864 Lomburds,

365 3885 369 3890 ·
398 3863 829 3930 'SicotFrerulsaelibrorecando,
853 3868 932 3917 about
948 3866 991 3916 the
1014 3880 1076 3928 year
1095 3869 1154 3927 60⁰,
1176 3867 1199 3917 is
1221 3869 1248 3917 in
1270 3871 1319 3920 live

363 3933 468 3998 capitolo
479 3936 666 4000 quartallirit]
684 3936 829 4000 Freculfus,
853 3937 942 3987 books.
978 3935 1115 3997 Freculph.
1135 3935 1228 3987 Chron.
1246 3937 1320 4003 (torn.

351 4006 466 4054 >amonk
477 4006 506 4054 of
514 4007 605 4069 Fulde,
617 4007 667 4056 and
678 4005 829 4056 afterwards
854 4019 884 4056 n.
909 4007 955 4056 lib.
975 4010 1000 4068 2,
1027 4021 1051 4058 c.
1073 4009 1099 4069 4,
1119 4022 1146 4069 p.
1165 4004 1238 4076 tta)
1261 4013 1320 4062 Suo.

362 4073 453 4136 bishop
476 4075 506 4124 of
521 4076 640 4125 Lisieux:
668 4076 700 4125 he
717 4077 787 4126 lived
803 4078 829 4124 in
854 4075 975 4125 Heidelb.
988 4080 1062 4126 1597.

362 4143 407 4192 the
424 4146 496 4194 ninth
514 4152 629 4208 century,
650 4147 701 4196 and
717 4151 796 4196 wrote
813 4161 829 4195 a
890 4143 1083 4209 ³Opinionum.]
1103 4146 1139 4196 D.
1156 4147 1217 4208 M.;
1238 4149 1323 4211 opini-

363 4213 498 4278 chronicle‚
509 4216 594 4266 which
609 4217 642 4266 he
656 4216 761 4266 divided
776 4218 829 4266 into
855 4230 936 4279 onem,
949 4218 980 4267 E.
