2858 4890
360 376 427 442 346
561 389 675 438 ansul
699 389 826 438 nueun
850 390 1064 440 suenorum.
1167 377 1253 458 [nm.
1273 395 1313 443 11.

361 568 429 631 que
451 548 541 611 ferro
564 543 787 612 abscissionis
820 547 986 611 utendum
1009 547 1184 632 judicans,
1217 568 1315 614 arma

360 648 587 730 undecunque
602 656 637 713 et
651 667 759 730 equos
781 647 1002 729 conquisivit,
1019 648 1147 713 milites
1162 656 1198 713 et
1213 651 1312 732 equi-

361 754 415 812 tes
431 747 636 827 adornavit3
660 767 713 825 ac,
730 748 880 830 primum
899 748 1078 811 basilicam
1101 749 1196 812 beati
1212 748 1312 813 Petri

361 866 620 931 praeoccupans,
649 855 806 929 raptores
837 848 1053 911 oblationum
1078 847 1136 911 vel
1158 850 1312 912 extinxit

361 949 419 1012 vel
445 947 623 1028 effugavit.
677 946 775 1024 Inde,
796 948 971 1011 fortunam
994 947 1060 1013 sibi
1082 949 1237 1030 aspirare
1259 951 1312 1013 vi-

362 1047 458 1124 dene,
478 1046 616 1129 longius
644 1047 882 1129 progreditur3
910 1055 956 1125 et,
974 1049 1004 1111 si
1027 1048 1087 1130 qui
1109 1048 1312 1114 resisterent

296 1191 299 1196 -
361 1148 495 1224 occisis,
519 1147 652 1229 praedia
673 1147 788 1211 omnia
810 1153 845 1210 et
870 1147 1009 1229 oppida,
1032 1147 1152 1211 multis
1175 1155 1311 1231 tempo·

360 1247 456 1313 ribus
479 1248 618 1325 amissa,
644 1248 680 1310 in
706 1247 887 1329 antiquum
906 1247 966 1331 jus
989 1248 1201 1312 reformavit.
1254 1248 1313 1312 Ita

361 1367 445 1430 pax,
463 1347 728 1430 permultorum
748 1346 930 1427 segnitiem
952 1346 1111 1424 exulans,
1125 1367 1189 1429 per
1203 1367 1311 1411 unum

361 1447 533 1511 homiuem
547 1448 584 1510 in
598 1447 748 1529 patriam
765 1447 877 1511 rediit.
930 1446 1049 1510 Securi
1063 1448 1237 1530 peregrini
1258 1447 1312 1511 in·

360 1554 479 1611 suetas
501 1548 635 1612 viarum
660 1548 818 1611 terebant
842 1546 986 1624 orbitaS,
1009 1547 1082 1612 laeti
1103 1567 1166 1629 per
1191 1549 1312 1611 urbem

359 1647 512 1729 antiquis
539 1646 657 1710 oculos
679 1648 869 1729 pascebant
889 1647 1077 1726 miraculis,
1099 1647 1312 1712 cantitantes

361 1747 459 1811 donis
477 1747 579 1811 factis
593 1748 839 1829 repatriabant.
879 1745 1033 1824 Quirites
1048 1748 1193 1824 interea,
1209 1756 1312 1831 rapto

360 1848 477 1911 vivere
501 1847 642 1924 assueti,
656 1847 919 1928 sanguinarium
941 1847 1038 1910 illum
1054 1848 1240 1925 vocabant,
1258 1850 1313 1911 in·

360 1946 504 2028 dignum
531 1966 607 2010 esse
623 1947 683 2029 qui
698 1946 775 2010 Deo
796 1946 934 2010 offerret
948 1947 1156 2010 sacrificium
1173 1954 1227 2011 tot
1243 1967 1312 2011 cae-

361 2046 455 2110 dium
481 2048 660 2125 conscius;
699 2053 746 2123 et,
771 2053 811 2110 ut
837 2045 911 2109 fieri
939 2046 1028 2110 solet
1050 2047 1142 2129 qnod
1170 2049 1312 2111 morbus

359 2147 515 2229 obloquii
531 2147 575 2208 ab
591 2165 659 2209 uno
686 2153 804 2228 serpat
817 2146 853 2208 in
870 2165 1000 2224 omnes,
1023 2146 1091 2228 ipsi
1106 2147 1212 2211 etiam
1235 2167 1313 2211 car·

360 2245 493 2309 dinales
524 2253 730 2328 argumenta
759 2246 879 2329 populi
906 2248 1111 2328 probabant,
1142 2247 1229 2310 adeo
1260 2255 1313 2326 ut,

361 2364 440 2409 cum
478 2347 600 2408 beatus
630 2346 690 2408 ille
711 2345 910 2410 valetudine
945 2365 1015 2429 qua
1045 2345 1228 2410 defunctus
1258 2355 1313 2412 est

360 2445 591 2522 decumberet,
614 2445 759 2508 consilio
781 2446 872 2510 iuter
892 2464 929 2508 se
951 2447 1047 2527 prius
1069 2445 1200 2524 habito,
1223 2465 1314 2511 ausu

361 2546 543 2609 temerario
568 2545 791 2610 admouerent
820 2565 864 2608 ne
892 2565 928 2608 se
958 2547 994 2609 in
1025 2545 1172 2610 ecclesia
1199 2548 1314 2611 sancti

362 2644 461 2709 Petri
491 2665 570 2710 cum
599 2644 735 2708 caeteris
767 2645 966 2727 apostolicis
997 2646 1161 2709 tumulari
1189 2648 1314 2728 praeci·

360 2753 458 2828 peret
477 2745 538 2828 qni
555 2751 608 2809 tot
624 2745 801 2808 hominum
824 2746 991 2809 mortibus
1011 2744 1160 2809 officium
1181 2745 1313 2810 foedas-

360 2852 425 2909 set.
478 2845 568 2908 Tum
584 2844 654 2921 ille,
668 2844 851 2908 recollecto
866 2845 1001 2927 spiritu,
1017 2847 1195 2928 torvisque
1209 2847 1312 2910 lumi·

360 2945 463 3009 nibus
478 2945 609 3022 minax,
624 2945 714 3006 hauc
729 2944 920 3008 orationem
936 2945 1077 3009 habuit:

364 3073 369 3082 ·
413 3044 519 3128 §202
544 3044 605 3108 ‘Si
628 3045 665 3106 iu
687 3045 787 3108 vobis
809 3045 866 3109 vel
893 3044 1046 3108 scintilla
1070 3045 1231 3109 humanae
1253 3064 1311 3109 ra-

361 3144 466 3207 tionis
485 3144 542 3208 vel
562 3144 708 3208 scientia
729 3144 855 3207 divinae
876 3145 1093 3210 auctoritatis
1112 3153 1216 3223 esset,
1238 3153 1312 3210 tam

359 3243 530 3327 praecipiti
559 3245 720 3307 suasione
748 3262 817 3306 nou
847 3245 1076 3308 conveniretis
1109 3245 1308 3327 pontificem

359 3351 534 3425 vestrum3
568 3345 640 3425 qui,
674 3351 841 3425 quantum
872 3345 958 3421 vixi,
992 3352 1027 3409 et
1064 3344 1311 3426 patrimonium

360 3462 474 3506 meum
501 3444 537 3506 iu
566 3451 684 3508 vestra
712 3443 893 3507 commoda
922 3443 1039 3522 effudi,
1068 3451 1103 3508 et
1133 3452 1310 3526 postremo

359 3543 488 3606 samam
501 3543 619 3606 muudi
630 3563 694 3626 pro
709 3551 827 3606 vestra
840 3543 1042 3607 liberatione
1058 3543 1209 3626 neglexi.
1262 3545 1311 3609 Et

290 3661 293 3665 ⁴
360 3642 391 3706 si
414 3642 474 3705 alii
496 3643 571 3706 haec
588 3663 666 3725 quae
689 3643 909 3724 proscinditis
932 3650 1140 3721 attexerent,
1155 3663 1220 3726 par
1234 3652 1311 3709 erat

359 3762 422 3806 vos
439 3743 617 3819 obsistere,
633 3743 812 3824 opiniones
834 3745 1019 3807 stultorum
1041 3743 1240 3807 melioribus
1253 3745 1308 3807 in·

359 3843 665 3926 terpretationibus
679 3841 858 3906 lenientes.
900 3842 978 3920 Cui,
993 3862 1124 3926 quaeso,
1137 3843 1307 3908 thesauri·

359 3943 460 4007 zavii
484 3942 630 4006 forsitan
645 3942 740 4006 mihi.
785 3940 836 4006 At
852 3943 1033 4008 thesauros
1048 3950 1307 4007 autecessorum

358 4059 512 4106 meorum
537 4042 705 4105 habebam
721 4041 781 4125 qui
795 4042 980 4126 cujuslibet
996 4043 1153 4108 avaritiae
1172 4043 1308 4107 suffice·

357 4149 446 4206 rent.
475 4140 610 4219 Quibus
624 4142 783 4219 salutem,
796 4143 921 4225 quibus
939 4144 1134 4209 libertatem
1146 4144 1307 4209 restituit
