2858 4890
365 401 431 467 278
590 414 704 463 casm
728 415 854 462 aaran
879 365 1091 460 Anononunl.
1172 396 1259 478 [ma.
1277 410 1318 458 11.

366 574 570 656 tingendum
595 578 745 655 aptaret,
769 570 975 636 videbantur
997 589 1115 634 omnes
1138 570 1207 633 illae
1230 571 1318 634 ima-

368 676 464 757 gines
500 674 671 758 prosilire,
703 678 738 736 et
764 673 931 754 impetum
958 671 994 732 in
1030 678 1318 753 praesumptorem

368 776 492 839 facere.
539 774 619 853 Quo
634 774 757 837 timore
777 791 916 855 pressus
934 770 1136 848 GerbertuS,
1151 772 1318 836 ambitum

369 895 470 940 suum
484 874 612 958 fregit:
637 873 782 937 sednon
805 870 972 936 abstinuit
986 873 1217 936 cubicularius
1234 873 1319 955 quin
1375 920 1377 924 »

370 975 536 1038 mirabilis
560 973 696 1037 artificii
720 973 909 1050 cultellum,
932 992 1033 1054 quem
1058 992 1185 1036 mensae
1209 974 1320 1056 impo-

372 1076 476 1137 situm
496 1069 657 1153 ¹videret,
686 1075 879 1157 abriperet3
903 1074 1092 1137 arbitratus
1117 1073 1262 1151 scilicet,
1284 1074 1322 1136 in

372 1181 472 1238 tanta
496 1175 625 1258 praeda‚
650 1194 795 1257 parvum
820 1174 1039 1237 latrocinium
1064 1193 1168 1256 posse
1199 1174 1321 1239 latere.

368 1274 505 1338 Verum
536 1296 619 1339 mox
649 1276 807 1338 omnibus
837 1275 1045 1355 imaginibus
1075 1293 1153 1337 cum
1180 1271 1322 1339 fremitu

371 1376 651 1456 exsurgentibus,
667 1394 753 1458 puer
773 1393 923 1459 quoque,
949 1374 1076 1438 emissa
1097 1375 1265 1438 arundine
1286 1376 1323 1438 in

373 1476 630 1554 carbunculum,
645 1477 805 1540 tenebras
821 1475 959 1539 induxit
972 1496 981 1555 3
999 1483 1045 1552 et,
1056 1475 1123 1538 nisi
1136 1475 1195 1539 ille
1209 1476 1320 1538 moni-

373 1584 412 1640 tu
429 1575 558 1640 domini
574 1576 751 1641 cultellum
771 1575 912 1660 rejicere
935 1576 1173 1652 accelerasset,
1196 1595 1323 1658 graves

374 1678 476 1740 ambo
497 1696 620 1758 poenas
644 1677 831 1740 dedissent.
883 1676 941 1739 Sic
963 1677 1129 1740 insatiata
1150 1677 1322 1759 cupidita·

376 1776 420 1847 tis
438 1777 616 1858 voragine,
630 1776 767 1842 laterna
788 1795 929 1859 gressus
946 1777 1104 1854 ducente,
1122 1777 1323 1848 discessum¹¹

375 1875 478 1941 Talia
502 1877 599 1941 illum
623 1878 777 1941 adversis
798 1878 986 1960 praestigiis
1010 1877 1244 1942 machinatum
1267 1877 1321 1941 su-

375 1977 456 2055 isse,
466 1985 629 2041 constans
644 1978 742 2060 vulgi
757 1978 872 2060 opinio
889 1971 972 2042 ²est.
1024 1977 1276 2056 Veruntamen,
1292 1980 1322 2042 si

376 2079 453 2161 quis
464 2097 584 2142 verum
600 2073 783 2160 diligenter
797 2078 991 2161 exsculpat,
999 2077 1130 2145 videbit
1144 2098 1207 2142 nec
1222 2078 1322 2144 Salo·

375 2197 523 2255 monem,
539 2179 595 2242 cui
610 2179 706 2245 Deus
729 2179 803 2261 ipse
819 2178 951 2242 dederit
968 2179 1184 2260 sapientiam,
1200 2178 1322 2263 hujus-

376 2297 415 2341 ce
434 2278 580 2341 inscium
602 2280 787 2343 commenti
812 2278 931 2356 fuisse,
957 2287 997 2342 ut
1022 2279 1113 2342 enim
1130 2273 1323 2362 ³Josephus

377 2384 499 2442 auctor
516 2386 587 2443 est:
616 2379 797 2443 thesauros
821 2380 1049 2443 multoscum
1072 2386 1171 2462 patre
1194 2381 1324 2445 defodit

374 2478 412 2545 in
437 2478 572 2556 loculis
598 2481 659 2562 qui
686 2487 784 2544 erant
817 2477 964 2565 (inquit)
997 2480 1197 2562 mechanico
1220 2482 1323 2545 modo

375 2580 543 2643 reconditi
557 2582 621 2644 sub
636 2587 737 2644 terra.
775 2579 850 2644 Nec
868 2580 1074 2656 Hircanum,
1089 2581 1271 2664 prophetia
1288 2590 1324 2646 ct

376 2679 577 2744 fortitudine
590 2680 734 2756 clarum,
750 2681 822 2762 qui,
843 2690 882 2745 ut
897 2681 1085 2745 obsidionis
1112 2680 1246 2746 levaret
1268 2682 1322 2746 in·
1420 2737 1423 2741 .

371 2780 513 2864 juriam,
539 2781 581 2844 de
608 2780 725 2844 David
750 2781 933 2863 sepulchro
957 2782 1032 2850 tria
1051 2782 1160 2849 millia
1190 2783 1324 2848 talenta

377 2881 452 2944 auri
476 2886 551 2944 arte
574 2881 773 2944 mechanica
798 2882 900 2958 eruit,
927 2888 967 2945 ut
991 2883 1163 2946 obsessori
1189 2892 1324 2966 partem

377 2988 603 3058 enumeraret,
628 2989 727 3064 parte
754 2982 972 3046 xenodochia
995 2989 1220 3048 construeret.
1273 2982 1324 3050 At

374 3101 459 3146 ¹uero
489 3080 659 3160 Herodes,
693 3083 752 3163 qui
777 3084 905 3173 magis,
919 3085 1188 3165 praesumptione
1218 3103 1325 3167 quam

376 3180 521 3246 consilio
546 3183 635 3246 idem
661 3182 805 3264 aggredi
826 3182 986 3260 voluerit,
1001 3184 1128 3248 multos
1151 3204 1196 3249 ex
1218 3185 1324 3249 satel-

376 3281 507 3359 litibus,
517 3282 596 3363 igne
607 3302 652 3345 ex
666 3283 819 3347 interiori
833 3292 933 3366 parte
943 3283 1145 3366 prodeunte,
1160 3286 1325 3351 amiserit.

376 3380 555 3449 Praeterea
570 3402 646 3446 cum
664 3382 767 3447 audio
783 3378 990 3447 ⁴Dominum
1002 3383 1026 3448 J
1028 3405 1124 3448 esum
1142 3385 1325 3465 dicentem,

377 3480 506 3545 ‘Pater
520 3500 616 3545 meus
632 3501 741 3565 usque
755 3485 858 3548 modo
871 3491 1046 3568 operatur,
1058 3493 1093 3549 et
1103 3506 1169 3567 ego
1179 3489 1326 3569 operor,’

376 3581 478 3651 credo
501 3582 592 3664 quod
614 3584 673 3664 qui
697 3583 830 3649 dederit
852 3585 1029 3649 Salomoni
1043 3587 1206 3651 virtutem
1220 3608 1325 3670 super

376 3681 561 3760 daemones
577 3689 617 3745 ut
632 3682 721 3747 idem
736 3684 1035 3768 historiographus
1058 3694 1219 3764 testatur,
1238 3688 1325 3754 adeo

376 3789 415 3846 ut
430 3783 523 3846 dicat
541 3782 645 3847 etiam
668 3803 731 3847 suo
754 3793 908 3868 tempore
930 3786 1037 3850 fuisse
1059 3788 1152 3852 viros
1170 3789 1230 3871 qui
1246 3788 1324 3854 illos

378 4015 553 4140 exilierat]
563 4023 644 4084 E.L.;
656 4024 836 4088 videratAS.
861 4027 938 4108 phus,
953 4026 1042 4088 Antiq.
1057 4026 1234 4077 Jud.lib.v11.
1248 4042 1270 4076 c.
1284 4031 1325 4091 1⁵,

372 4176 383 4211 s
401 4127 420 4217 ¹2.
430 4127 499 4225 ase]
513 4162 541 4211 a.
556 4164 587 4212 c.
599 4164 633 4215 n.
645 4165 734 4225 r.e.;
747 4165 834 4227 aran.
861 4097 907 4196 hb}
918 4102 1073 4229 lilith]
1096 4166 1128 4216 n.
1143 4167 1171 4216 s.
1185 4168 1214 4215 c.
1226 4168 1260 4218 o.
1274 4170 1325 4230 r.;

409 4232 556 4296 ³Joeephue
577 4238 661 4283 auctor
681 4237 739 4299 εει]
763 4238 835 4286 Jose-
861 4236 1146 4300 Dominummeumfh.
