2858 4890
156 397 227 447 mn.
245 380 288 462 1.]
387 397 501 446 casm
528 399 654 447 nucum
680 398 894 447 succorum
1050 381 1114 448 121

158 552 358 635 gradiatur:
383 553 475 618 unde
493 553 615 620 merito
638 554 749 618 omnis
765 575 827 639 per
842 556 958 620 orbem
978 556 1115 622 exultat

158 652 316 732 ecclesia,
343 655 426 737 qnia
450 675 529 719 curn
551 656 704 720 omnium
727 676 830 720 verus
860 656 1116 722 Remunerator

159 754 329 818 bonorum
376 755 660 838 gloriosissimum
698 757 813 838 gregis
849 757 903 820 sui
941 764 1116 839 pastorem

160 852 356 919 Adrianum
370 864 537 939 perpetuo
557 857 844 921 remunerandum
862 877 966 940 super
986 858 1117 922 aethera

162 954 331 1034 duxisset,
345 957 416 1019 suis
431 964 547 1021 tamen
561 958 684 1021 ovibus
700 958 759 1041 pia
774 958 885 1022 crexit
898 956 1118 1041 providentia

160 1057 340 1137 praevium,
357 1057 416 1140 qui
429 1057 496 1121 scit
509 1057 599 1121 ovile
614 1058 833 1122 Dominicum
849 1058 893 1122 ad
907 1058 1026 1122 caulas
1046 1079 1117 1123 non

160 1155 304 1220 inferius
319 1157 402 1220 vitae
425 1158 569 1240 agitare.
623 1157 700 1222 Nos
722 1177 859 1240 quoquc
872 1158 1008 1237 merito,
1029 1179 1116 1242 quos

160 1256 365 1321 extremitas
385 1259 477 1321 orbis
500 1264 607 1335 tenet,
623 1256 743 1322 eodem
766 1258 868 1322 modo
891 1261 1116 1343 praecaeteris

162 1355 361 1437 gloriamur,
377 1359 459 1440 quia
476 1357 569 1422 illius
592 1358 785 1422 sublimitas
801 1366 921 1423 nostra
939 1360 1034 1424 salus
1049 1368 1115 1440 est,

160 1457 254 1520 illius
279 1459 490 1540 prosperitas
514 1460 613 1523 nobis
635 1460 796 1542 perennis
818 1460 1009 1539 exultati03
1033 1462 1116 1543 quia

163 1557 253 1622 unde
276 1557 339 1622 tibi
360 1559 553 1642 apostolica
565 1559 729 1641 dignitas,
743 1558 823 1623 inde
846 1561 944 1623 nobis
961 1560 1039 1624 fidei
1054 1581 1113 1626 vo·

162 1658 247 1722 ritas
272 1658 446 1724 innotuit:
480 1667 692 1742 quapropter
715 1667 947 1742 opportunum
967 1661 1116 1725 arbitror

162 1759 231 1823 tuis
265 1760 393 1823 sanctis
419 1760 632 1845 jussionibus
655 1779 771 1824 aurem
801 1760 1004 1825 obedientiae
1033 1781 1115 1825 nos-

163 1865 227 1923 trae
249 1859 423 1925 humiliter
442 1861 613 1938 inclinari,
636 1869 772 1943 atquae
804 1868 873 1925 tuae
905 1862 1026 1944 pietati
1049 1863 1114 1928 rite

162 1960 261 2023 nobis
292 1960 467 2043 sequenda
495 1960 678 2026 videantur
706 1969 781 2026 toto
814 1962 890 2026 nisu
919 1961 1113 2045 implenda3

163 2079 241 2143 quae
269 2080 352 2125 vero
383 2061 509 2125 rationi
538 2062 711 2126 contraria
745 2062 959 2145 deprehensa
986 2062 1115 2127 fuerint

161 2160 264 2225 citius
279 2161 496 2240 declinanda,
520 2182 560 2226 ac
575 2162 711 2227 interim
734 2183 755 2227 a
777 2163 876 2227 nobis
891 2157 1115 2228 ¹omnimodis

162 2260 358 2326 resecanda.
411 2261 478 2326 Sed
494 2262 596 2327 modo
621 2283 686 2345 ego
711 2261 896 2341 Kenulfus,
917 2264 1032 2346 gratia
1046 2264 1115 2329 Dei

162 2381 236 2439 rex,
260 2362 500 2427 excellentiam
523 2370 619 2427 tuam
641 2363 779 2427 humilis
796 2384 915 2441 exoro,
929 2372 968 2429 ut
985 2377 1019 2429 te
1038 2366 1114 2430 sinc

163 2462 352 2528 offensione
379 2464 485 2528 animi
509 2464 628 2541 vestri,
659 2464 701 2528 de
730 2464 888 2547 prosectu
919 2472 1051 2541 nostro,
1074 2472 1114 2530 ut

164 2571 336 2645 optamus,
360 2564 462 2628 liceat
478 2564 619 2647 alloqui,
635 2571 806 2646 quatenus
825 2584 880 2629 me
893 2566 929 2628 in
945 2567 1112 2648 gremium

164 2664 303 2746 pietatis
327 2672 396 2729 tuae
421 2665 609 2747 tranquilla
631 2685 717 2747 pace
741 2664 924 2748 percipias,
949 2673 985 2730 et
1011 2685 1113 2748 quem

164 2765 363 2829 meritorum
388 2765 485 2829 nulla
511 2765 659 2830 facultas
688 2765 800 2847 erigit,
829 2765 928 2847 larga
952 2765 1113 2830 benedic·

165 2864 269 2928 tionis
283 2873 353 2929 tuae
369 2867 509 2930 ubertas
526 2867 570 2930 ad
585 2866 719 2950 plebem
739 2884 837 2929 suam
853 2866 1039 2948 regendam
1061 2865 1113 2930 lo·

164 2966 335 3048 cuplctet3
370 2973 410 3030 ut
436 2986 507 3030 una
530 2986 663 3031 mecum
693 2972 842 3047 gentem,
868 2985 971 3048 quam
996 2973 1115 3030 vestra

164 3067 356 3150 apostolica
377 3066 567 3131 auctoritas
582 3067 661 3131 fidei
680 3066 882 3130 rudimentis
902 3066 1037 3144 imbuit,
1052 3087 1115 3149 per

163 3166 443 3232 intercessionem
473 3174 568 3232 tuam
595 3175 717 3232 contra
740 3167 889 3251 impetus
917 3176 1114 3232 exterorum

166 3266 394 3350 Omnipotens
409 3267 532 3350 erigat,
557 3276 592 3332 et
614 3288 676 3351 per
693 3287 730 3331 sc
750 3288 906 3350 regnum,
927 3269 1019 3350 quod
1039 3267 1114 3351 ipso

164 3367 262 3432 Deus
277 3368 372 3432 dedit
386 3368 498 3445 nobis,
513 3369 660 3433 dilatare
675 3368 847 3450 dignetur.
891 3368 996 3433 Hanc
1009 3369 1114 3432 bene-

161 3468 346 3533 dictionem
371 3488 502 3546 omneS‚
526 3469 687 3551 quiante
709 3489 764 3533 me
788 3476 925 3552 sceptro
946 3469 1116 3552 praefuere

166 3567 386 3646 Merciorum,
400 3575 600 3633 meruerunt
613 3571 657 3633 ab
673 3569 946 3633 antecessoribus
962 3571 1031 3633 tuis
1040 3570 1115 3634 adi·

164 3669 250 3750 pisci
264 3691 273 3749 ;
297 3669 386 3734 hanc
400 3671 475 3752 ipse
489 3669 628 3733 humilis
639 3678 733 3753 peto,
749 3677 784 3734 et
799 3688 820 3733 a
834 3670 932 3733 vobis
947 3669 997 3756 (Ο
1013 3689 1114 3734 sanc-

164 3769 287 3833 tissimi
300 3766 327 3855 i)
354 3771 539 3854 impetrare
577 3771 690 3854 cupio,
722 3778 893 3852 quatenus
929 3770 965 3832 in
996 3769 1115 3851 primis

162 3869 359 3954 adoptionis
385 3878 478 3935 sorte
500 3891 554 3935 me
581 3870 645 3934 tibi
665 3870 774 3934 filium
798 3869 978 3952 suscipias,
1012 3870 1115 3934 sicuti

164 3977 199 4034 te
225 3970 261 4034 in
288 3972 397 4055 patris
421 3991 569 4055 persona
593 3971 712 4054 diligo,
742 3978 778 4034 et
805 3970 888 4034 totis
911 3968 1114 4035 obedientiae

214 4205 219 4233 ¹
232 4207 404 4272 omnimodis]
413 4205 447 4259 A.
457 4208 487 4257 G.
495 4206 530 4264 D.
540 4205 571 4256 11.
579 4206 635 4267 M.‚;
652 4204 802 4269 omnimodo,
815 4205 844 4256 S.
855 4221 862 4266 ;
879 4204 1029 4269 omnimode,
1044 4206 1074 4255 Ε.
