2858 4890
150 390 218 439 nro.
234 371 277 453 n]
373 384 488 433 onsrn
512 383 639 431 arcun
664 383 875 433 ancnonun.
1057 368 1100 433 91

149 541 265 621 modo,
278 541 434 607 modicus
457 549 572 607 tumor
594 542 630 607 in
654 542 799 624 pedibus
823 541 997 626 apparuit,
1011 541 1101 606 haud
1115 559 1243 651 war

149 643 275 707 dubius
291 642 414 707 vicinae
437 643 558 707 mortis
580 661 760 725 praesagus
774 650 809 708 et
822 643 939 707 index.
991 642 1103 720 Tunc,
1176 637 1180 649 '

147 743 260 807 accita
275 744 555 824 congregatione,
569 743 730 806 inunctus
755 750 791 807 et
812 742 1103 807 communicatus:

148 842 269 906 osculo
292 843 428 906 cunctis
454 842 574 918 libato,
597 841 748 905 futuram
774 843 829 905 sni
855 843 1052 907 memoriam
1083 860 1105 907 a

148 941 297 1023 singulis
311 940 513 1023 implorans,
529 941 704 1005 nonnullis
724 940 829 1005 etiam
851 941 1106 1005 familiariorem

152 1040 341 1105 amicitiam
363 1040 514 1105 emeritis
536 1040 688 1118 xeniola,
702 1060 780 1122 quae
795 1042 829 1104 in
844 1042 986 1105 secretis
1001 1039 1105 1104 habe-

149 1142 224 1218 bat,
234 1139 382 1222 largitus
396 1146 461 1204 est.
515 1139 581 1203 Die
598 1160 679 1204 vero
691 1138 927 1218 Ascensionis,
943 1161 1021 1204 cunr
1032 1141 1106 1224 jam

141 1240 280 1317 anima,
304 1239 462 1321 fragilem
482 1259 582 1303 usum
605 1240 759 1322 corporis
783 1259 901 1318 exosa,
924 1241 1107 1323 egredique

150 1340 305 1422 gestiens
319 1339 518 1421 palpitaret,
541 1346 662 1403 contra
685 1340 872 1403 oratorium
887 1341 924 1404 in
941 1361 1010 1424 qno
1025 1360 1107 1404 con·

151 1446 315 1504 sueverat
341 1458 454 1516 orare,
480 1438 592 1503 cilicio
613 1439 782 1522 subjecto,
805 1440 1023 1516 decumbens,
1040 1440 1107 1502 illi·

151 1541 236 1603 bato
266 1558 371 1602 sensu
402 1546 438 1604 et
463 1538 563 1602 hilari
588 1538 688 1603 vultu
711 1539 859 1622 Spiritus
886 1540 1005 1604 Sancti
1027 1557 1107 1619 gra-

153 1639 240 1702 tiam
260 1638 444 1715 invitabat,
466 1638 595 1715 dicenS,
623 1638 676 1702 ‘O
701 1639 782 1704 Rex
804 1639 936 1720 gloria,
959 1636 1108 1701 Domine

154 1738 335 1815 virtutum,
368 1738 427 1820 qui
455 1737 685 1820 triumphator
714 1738 816 1802 hodie
851 1757 954 1819 super
989 1756 1109 1800 omnes

156 1838 263 1901 coelos
291 1837 490 1914 ascendisti,
520 1857 564 1901 ne
589 1837 807 1920 derelinquas
832 1856 895 1900 nos
924 1836 1108 1918 orphanos

156 1937 216 2000 sed
231 1937 331 2001 mitte
345 1937 550 2019 promissum
574 1936 691 2001 Patris
718 1940 754 2001 in
780 1956 843 2000 nos
868 1937 1034 2019 Spiritum
1049 1956 1108 2000 ve·

156 2037 270 2101 ritatis
283 2036 304 2100 :'
330 2036 396 2099 hac
417 2037 574 2100 oratione
596 2036 694 2101 finita
721 2031 933 2120 ¹snpremum
959 2036 1109 2115 efflavit,

158 2138 388 2219 subsequente
414 2143 450 2200 et
474 2137 626 2199 omniurn
650 2137 789 2200 naribus
812 2130 977 2219 ²expletis
993 2136 1110 2213 odore,

157 2236 295 2319 qualem
328 2255 391 2298 nec
413 2236 575 2299 cinnama
602 2255 665 2299 nec
690 2236 846 2300 balsama
873 2238 1019 2319 spirant,
1050 2236 1110 2300 sed

157 2335 385 2418 paradisiaco,
407 2343 443 2400 ct
462 2355 564 2418 quem
585 2336 735 2399 vernalis
748 2337 943 2419 ubicunque
957 2336 1111 2400 locorum

158 2434 277 2500 exalat
294 2435 427 2499 laetitia.
477 2435 656 2499 Humatus
680 2444 733 2500 est
749 2443 832 2500 tunc
854 2438 889 2499 in
905 2436 1024 2501 eodem
1039 2455 1110 2499 mo·

160 2535 322 2613 nasterio,
347 2528 425 2598 ³sed
454 2535 556 2599 modo
583 2555 661 2599 cum
687 2538 790 2601 beato
817 2536 1008 2600 cuthberto
1038 2535 1112 2599 Du·

160 2635 264 2699 nelmi
278 2635 382 2699 situm
396 2634 489 2698 sama
503 2635 698 2699 confirmat.

212 2734 297 2817 §62
321 2734 465 2816 Sepulta
480 2742 533 2798 est
548 2753 625 2797 cum
640 2755 681 2798 eo
697 2741 871 2816 gestorum
887 2733 999 2798 omnis
1025 2752 1113 2815 pene

161 2835 285 2898 notitia
309 2853 418 2915 usque
443 2833 487 2896 ad
510 2840 630 2897 nostra
653 2841 819 2917 tempora.
872 2831 971 2896 Adeo
996 2832 1113 2896 nullus

161 2932 356 3015 Anglorum
378 2933 567 2997 studiorum
591 2934 666 3017 ejus
689 2933 845 3010 aemulus
870 2932 986 2996 nullus
1009 2933 1113 3014 glori-

160 3051 259 3096 arum
274 3032 348 3116 ejus
359 3051 493 3116 sequax
508 3033 586 3110 fuit,
602 3035 661 3116 qui
674 3034 809 3097 omissae
824 3040 971 3098 monetae
988 3033 1114 3096 lineam

161 3139 445 3216 persequeretur:
469 3134 570 3216 pauci
593 3153 680 3216 quos
703 3152 823 3215 aequus
845 3134 977 3198 amavit
997 3132 1021 3196 J
1024 3148 1115 3209 esus,

162 3232 320 3316 quamvis
348 3232 457 3295 litoris
487 3252 556 3295 non
585 3233 782 3314 ignobiliter
818 3232 1006 3308 informati,
1040 3238 1116 3296 tota

163 3334 236 3397 vita
248 3332 422 3414 ingratum
445 3340 732 3415 consumpserunt
746 3334 920 3398 silentium
934 3355 943 3414 3
967 3333 1038 3409 alii,
1055 3331 1115 3396 vix

164 3425 415 3515 primis⁴labris
425 3432 503 3494 illas
514 3440 706 3513 gustanteS,
715 3433 880 3514 ignavum
890 3434 1117 3498 confoverunt

165 3533 284 3596 otium.
337 3531 396 3595 Ita
410 3551 487 3594 cum
502 3551 637 3614 semper
652 3532 751 3614 pigro
764 3534 961 3597 succederet
976 3520 1118 3615 pigrior,

200 3707 208 3737 ¹
220 3709 365 3771 Supremam
383 3708 495 3774 efflavit]
513 3709 538 3757 Α
554 3710 628 3758 letter
691 3707 851 3760 ³Sednrodo.
862 3710 961 3768 ..sunm
971 3711 1119 3775 confirmat]

165 3779 317 3839 descriptiva
335 3777 364 3826 of
380 3778 422 3826 the
439 3779 490 3827 last
507 3784 628 3828 momenta
656 3779 765 3842 Aelfrid,
781 3781 900 3841 apricat,
918 3781 941 3828 is
959 3781 1076 3840 reported
1093 3786 1120 3829 to

165 3850 194 3898 of
210 3849 292 3907 Beda,
310 3848 411 3896 written
427 3849 462 3909 by
478 3863 525 3896 one
544 3849 573 3897 oi
588 3849 629 3896 his
655 3850 720 3898 have
738 3851 818 3899 stolen
841 3850 934 3898 Beda's
956 3851 1034 3898 bones
1055 3850 1119 3898 from

165 3919 251 3981 pupils
268 3923 370 3979 present
386 3923 412 3966 at
428 3919 470 3966 the
487 3919 630 3967 historian's
656 3921 765 3980 Jarrow,
784 3920 834 3968 and
852 3920 984 3980 deposited
1003 3919 1070 3968 them
1093 3921 1120 3968 in

167 3989 253 4051 death,
271 3990 294 4037 is
310 3989 411 4048 printed
427 3989 454 4037 in
465 3989 516 4037 Mr.
528 3989 631 4037 Steven-
656 3990 698 4038 the
710 3990 839 4038 cathedra]
850 3989 944 4038 church
956 3989 985 4038 of
995 3989 1121 4051 Durham‚

166 4060 233 4110 son's
244 4059 418 4107 Introduction
433 4063 459 4107 to
471 4059 552 4121 Beda,
570 4059 631 4107 His·
658 4061 683 4108 in
694 4059 736 4107 the
749 4061 819 4121 early
830 4064 887 4121 part
903 4059 932 4108 ol
944 4060 987 4109 the
1005 4058 1120 4108 eleventlr

167 4131 233 4180 toria
244 4129 433 4177 Ecclesiastico.
657 4133 771 4190 century.

204 4193 364 4264 ²Expletr'a]
400 4200 435 4248 D.
455 4199 484 4246 Ε.
505 4199 560 4258 M.;
588 4213 633 4259 op·
694 4194 829 4266 ⁴Lolrrio.]
847 4198 880 4248 A.
894 4199 923 4249 S.
937 4201 966 4249 C.
976 4201 1007 4250 L.
1016 4214 1025 4262 3
1042 4199 1124 4262 libris,

170 4270 255 4333 pletis,
266 4267 299 4318 A.
313 4269 341 4318 S.
357 4269 386 4316 G.
398 4269 430 4317 L.
660 4269 693 4317 D.
706 4269 739 4317 E.
751 4269 789 4317 Μ.
