2858 4890
182 382 335 463 mn.11.]·
413 398 526 447 casm
551 399 677 448 aucun
701 399 917 450 rhenonum
1070 388 1136 452 169

183 558 456 623 Sumersetensis
479 559 563 642 pagi
581 579 708 635 comes,
726 551 779 622 ¹in
794 559 871 642 ejus
888 562 1135 627 contumeliam

184 659 370 742 conjurati,
381 679 489 741 regno
503 678 580 722 eum
596 661 802 742 proturbare
820 660 1041 741 nitebantur3
1059 663 1133 740 sed,

183 760 365 822 maturiori
390 758 563 823 mediante
589 759 746 837 consiho,
778 779 923 841 regnum
949 762 1040 825 inter
1070 783 1133 844 pa-

183 865 315 922 rentem
330 866 366 923 et
379 859 512 942 prolem
535 859 696 923 divisum.
749 858 890 942 Injusta
915 880 957 925 ea
972 860 1039 924 fuit
1052 881 1134 944 par-

183 959 273 1023 titio.
326 956 426 1023 Adeo
441 959 642 1041 malignitas
662 960 860 1024 obtinuerat
882 967 922 1024 ut
943 980 1026 1043 pars
1041 963 1132 1025 occi·

183 1058 332 1122 dentalis
347 1059 469 1123 melior
486 1059 570 1138 filio,
588 1060 739 1123 deterior
753 1060 932 1123 orientalis
947 1060 1052 1143 patri,
1070 1061 1132 1126 da·

183 1165 289 1223 retur.
359 1159 598 1224 Veruntamen
635 1160 695 1223 ille
727 1159 921 1224 incredibili
949 1161 1132 1227 clementia

183 1255 387 1344 (plusquam
418 1259 520 1323 civile
545 1260 675 1323 bellum
697 1256 904 1343 formidans)
927 1261 1131 1349 aequanimi·

183 1365 238 1423 ter
253 1359 325 1423 filio
344 1361 468 1438 cessit3
489 1360 731 1442 provinciales
749 1360 810 1442 qui
827 1359 1032 1441 dignitatem
1055 1362 1131 1446 ejus

72 1480 76 1486 ·
183 1460 350 1523 asserturi
379 1466 626 1537 convenerant,
656 1461 727 1523 leni
761 1460 918 1523 oratione
954 1459 1131 1527 cohibens.

184 1559 254 1637 Ita,
268 1561 427 1642 quamvis
450 1559 562 1625 omnis
584 1560 822 1624 controversia
846 1579 909 1642 pro
937 1560 1133 1642 alienigena

182 1680 293 1724 uxore
321 1660 436 1737 fuerit,
466 1679 594 1742 magna
620 1661 715 1723 illam
749 1659 948 1740 dignatione
977 1659 1131 1725 habitam

182 1759 306 1824 throno
318 1761 434 1839 etiam,
449 1768 570 1824 contra
581 1780 710 1824 morem
721 1759 1033 1836 west-Saxonum,
1045 1760 1130 1843 jux-

181 1866 220 1923 ta
242 1879 280 1923 se
305 1859 464 1940 locabat3
488 1861 667 1924 nonenim
681 1859 959 1925 west-Saxones
974 1860 1130 1942 reginam

181 1959 238 2022 vel
255 1959 362 2043 juxta
386 1980 504 2043 regem
526 1960 657 2039 sedere,
674 1961 730 2026 vel
745 1960 875 2042 reginae
897 1960 1130 2043 appellatione

181 2058 352 2141 insigniri,
377 2062 569 2144 patiuntur,
585 2054 746 2144 ²propter
771 2060 939 2124 malitiam
955 2059 1129 2143 Edburgae
1143 2081 1239 2124 saona
1257 2085 1281 2127 or

182 2158 262 2223 filiae
279 2160 367 2225 Offae
382 2161 474 2243 regis
485 2160 706 2226 Marciorum.
745 2160 810 2239 Ea,
824 2154 877 2225 ³ut
893 2161 1130 2244 praediximus,
1143 2133 1269 2225 {illil-

182 2258 357 2325 Brihtrieo
382 2263 457 2344 regi
473 2261 773 2327 west-Saxonum
797 2268 919 2344 nupta,
943 2262 1131 2345 benignum
1142 2237 1187 2275 Μ’

181 2358 238 2446 (ut
255 2359 371 2446 aiunt)
385 2363 498 2426 virum
521 2362 557 2425 in
578 2361 764 2445 perniciem
782 2360 958 2425 insontum
981 2381 1130 2446 nequam

181 2463 335 2525 'consiliis
352 2457 506 2543 armare3
531 2482 617 2545 quos
632 2482 715 2526 vero
728 2461 929 2525 insimulare
950 2463 1128 2543 nequibat,

181 2563 379 2644 potionibus
410 2563 526 2627 noxiis
559 2563 775 2645 intercipere.
838 2561 1061 2645 compertum
1093 2562 1130 2626 in

182 2663 331 2745 quodam
362 2663 620 2727 adolescentulo
654 2663 729 2745 regi
759 2661 996 2739 dilectissimo,
1027 2681 1130 2745 quem

179 2762 240 2827 illa
257 2783 391 2827 veneno
405 2763 566 2843 sustulit3
588 2762 837 2845 confestimque
855 2761 1048 2826 Brihtricus
1069 2762 1129 2826 de-

179 2862 310 2943 cubuit,
325 2871 361 2928 et
374 2863 534 2941 decessit,
551 2864 643 2947 quod
664 2884 709 2927 ex
728 2870 815 2946 potu
837 2863 912 2926 sine
928 2862 1059 2944 reginae
1076 2862 1129 2924 ni·

179 2964 303 3028 mirum
320 2964 532 3029 conscientia
547 2970 837 3047 praegustaverat.
889 2961 1029 3025 Effusus
1044 2981 1129 3043 ergo

180 3084 297 3129 rumor
321 3065 357 3128 in
378 3065 505 3146 vulgus
528 3065 716 3129 veneficam
741 3082 849 3145 regno
874 3062 1040 3125 excedere
1069 3081 1128 3125 co·

180 3165 262 3246 egit.
313 3164 395 3242 Illa,
410 3165 454 3228 ad
473 3164 643 3229 Karolum
658 3183 821 3245 magnum
847 3160 1015 3245 profecta,
1039 3160 1128 3225 forte

179 3284 257 3328 eum
273 3284 342 3329 uno
356 3264 505 3329 filiorum
521 3272 672 3329 stantem
685 3265 840 3342 invenit3
859 3262 985 3326 oblatis
1002 3262 1128 3340 xeniis,

179 3365 379 3447 imperator,
402 3365 613 3429 ludibundus
630 3372 665 3428 et
684 3363 758 3448 joci
780 3364 915 3446 plenuS,
930 3382 1006 3426 eam
1025 3381 1129 3444 quem

179 3464 309 3541 mallet,
323 3465 380 3528 vel
398 3485 435 3529 se
450 3466 506 3530 vel
522 3466 643 3542 filium,
659 3464 787 3546 eligere
808 3462 986 3547 praecepit.
1037 3462 1129 3524 Tum

179 3563 355 3647 Edburga,
365 3566 522 3630 contuitu
527 3566 646 3630 viridis
658 3563 935 3648 pulchritudinis,
944 3562 1129 3645 ephoebum

178 3665 340 3748 eligente,
357 3666 511 3730 Karolus
536 3664 689 3730 nonnihil
712 3671 826 3728 motus
846 3663 1043 3746 respondit:
1067 3661 1129 3726 ‘Si

177 3784 232 3830 me
257 3767 434 3849 elegisses,
456 3766 566 3830 filium
591 3784 706 3829 meum
730 3764 896 3842 haberes3
940 3762 1014 3839 sed,
1045 3762 1129 3843 quia

178 3865 286 3931 filium
299 3887 413 3930 meum
436 3867 585 3948 elegisti,
603 3884 666 3929 nec
683 3885 738 3928 me
753 3883 816 3927 nec
838 3864 936 3927 illum
959 3861 1128 3924 habebis.'

213 4034 221 4067 ¹
242 4039 273 4087 ln
294 4037 346 4100 qius
370 4037 537 4086 contumelium
558 4036 639 4098 cmpu-
697 4031 823 4097 ²Propter·
840 4031 961 4081 malitium
980 4030 1128 4093 Edbargae.]

175 4108 248 4172 rati]
266 4109 388 4170 Compare
399 4109 442 4156 the
453 4107 536 4155 whole
547 4106 576 4155 of
588 4107 638 4154 this
662 4106 742 4153 Assar
752 4105 845 4152 affirms
856 4103 911 4151 that
926 4102 977 4151 this
993 4106 1062 4162 story
1073 4114 1128 4150 was

176 4179 271 4228 ration
282 4179 344 4228 with
359 4178 459 4227 Asser’s
474 4177 530 4226 Life
541 4177 570 4226 oi
578 4176 639 4226 Ael-
663 4175 761 4224 related
772 4178 798 4223 to
809 4174 861 4222 him
871 4173 906 4234 by
917 4171 1031 4221 Aelii-ed.

173 4248 239 4313 fred,
250 4251 332 4300 under
340 4250 383 4299 the
394 4264 457 4312 year
467 4253 524 4300 855.
700 4243 711 4273 ³
725 4245 760 4294 Ut
770 4243 956 4308 praediximus]
972 4242 986 4305 b
998 4244 1040 4302 43,
1048 4256 1074 4302 p.
1086 4243 1128 4289 59.
