2858 4890
348 371 413 438 328
568 387 681 436 cnsrn
706 388 832 436 nucum
856 389 1072 438 nucnonun.
1156 376 1245 457 [mn.
1263 391 1304 438 11.

350 549 454 613 dorso
480 547 648 622 evexerit,
668 553 703 609 et
726 545 932 629 quibusdam
958 545 1049 623 aliis,
1074 548 1201 629 quibus
1222 548 1303 612 ideo

352 646 560 728 supersedeo
591 646 674 729 quia
713 645 977 709 aestimationem
1008 646 1148 711 lectoris
1182 668 1304 731 super-

191 762 261 803 nean
269 761 294 802 or
302 761 339 801 the
353 747 451 830 gredi
471 746 563 809 nolo.
617 739 726 809 ¹Obiit
747 755 872 809 octavo
899 745 1030 810 decimo
1054 766 1145 811 anno
1168 749 1306 830 imperii

190 823 314 904 llffi’o
353 865 503 922 emenso,
519 856 554 909 et
570 845 662 927 apud
685 844 821 927 Spiram
841 844 1001 909 conditus
1024 853 1088 922 est,
1105 866 1210 929 quam
1228 848 1305 930 ipse

134 942 139 949 '
353 967 398 1011 ex
417 945 658 1027 antiquissima
674 951 709 1008 et
724 944 839 1009 diruta
854 944 1003 1010 Nemeto
1022 947 1074 1010 ita
1090 948 1305 1012 nominatam

354 1046 509 1111 novavit.
562 1043 786 1127 Epitaphium
801 1044 877 1128 ejus
892 1045 958 1109 hoc
976 1052 1050 1109 est:

191 1248 231 1288 un
241 1246 333 1298 enitent·
452 1237 606 1314 ‘Caesam
622 1243 742 1300 tantus
758 1255 835 1300 eras
851 1243 1004 1320 quantus
1021 1244 1057 1301 et
1074 1237 1179 1315 orbis,

476 1337 527 1402 At
544 1356 635 1400 nunc
650 1337 688 1399 in
702 1337 837 1400 modico
854 1336 1025 1400 clauderis
1041 1345 1154 1402 antro.

478 1438 567 1502 Post
581 1437 655 1499 haec
672 1436 819 1519 quisque
834 1437 922 1500 sciat
936 1430 993 1500 ²se
1009 1438 1192 1514 ruiturum,

478 1539 525 1602 Et
542 1536 634 1620 quod
651 1536 747 1599 nulla
764 1537 851 1599 mori
864 1536 977 1617 gloria
990 1537 1103 1600 tollat.

481 1637 625 1702 Florens
641 1635 775 1718 imperii
789 1636 901 1717 gloria
916 1637 1103 1719 quondam,

480 1736 649 1802 Desolata
665 1754 729 1798 suo
745 1734 884 1799 Caesare
902 1743 1052 1815 marcet;

481 1838 597 1912 Hanc,
610 1835 715 1911 ultra,
733 1837 882 1917 speciem
899 1855 968 1899 non
981 1835 1142 1901 habitura

481 1937 596 2016 Quam
611 1943 725 1999 tecum
740 1935 890 1998 moriens
909 1935 1103 2000 occuluisti.

481 2039 593 2118 Leges
610 2055 632 2099 a
643 2035 783 2098 senibus
800 2035 957 2116 patribus
971 2043 1105 2113 auctas,

481 2137 580 2216 Quas
597 2134 728 2199 lassata
742 2134 802 2198 diu
817 2142 951 2198 raserat
964 2143 1064 2213 aetas

481 2237 611 2300 Omnes
624 2243 664 2299 ut
680 2235 818 2299 fuerant
832 2235 908 2317 ipse
924 2234 1127 2313 reformans,

483 2335 652 2400 Romanis
666 2334 800 2398 studuit
814 2334 956 2397 reddere
973 2336 1099 2399 causis·

482 2435 550 2512 Tu,
568 2434 759 2517 longinqua
773 2435 859 2497 satis
874 2453 994 2515 regna,
1007 2434 1173 2517 locosque

483 2535 582 2614 Quos
599 2534 715 2597 nullus
732 2535 847 2617 potuit
863 2535 1013 2611 flectere,
1031 2533 1164 2611 Oaesar,

481 2635 650 2699 Romanis
664 2652 812 2697 onerans
826 2634 957 2698 viribus
975 2641 1084 2712 artus,

481 2734 538 2799 Ad
556 2734 656 2798 civile
670 2734 775 2797 decus
791 2733 984 2797 excoluisti.

482 2835 512 2898 O
528 2841 660 2917 quanto
676 2833 843 2916 premitur
860 2833 974 2898 Roma
988 2832 1119 2912 dolore,

481 2934 652 3000 Desolata
667 2934 762 3016 prius
776 2940 887 2998 morte
904 2932 1049 2998 Leonis:

482 3034 599 3111 Nunc,
616 3031 789 3115 Auguste,
806 3040 867 3098 tuo
882 3032 1001 3096 funere
1014 3033 1195 3115 languens,

483 3135 572 3198 Bino
589 3152 627 3196 se
642 3133 782 3197 viduam
798 3133 928 3197 lumine
944 3133 1091 3215 plangit.

483 3234 572 3313 Quae
591 3241 627 3297 te
643 3253 712 3296 non
728 3233 844 3297 timuit
859 3233 973 3316 patria
986 3232 1131 3297 vivuml

482 3334 551 3399 Vel
568 3353 646 3416 quae
662 3352 732 3396 non
746 3333 869 3410 doluit,
884 3332 1015 3410 Oaesar,
1029 3333 1142 3396 obisse
1155 3334 1170 3394 l

484 3433 577 3497 Nam
592 3434 641 3497 sic
656 3432 759 3497 laetus
774 3451 852 3496 eras
864 3432 938 3515 jam
955 3431 1141 3515 superatis,

481 3533 529 3596 Et
545 3533 595 3597 sic
611 3533 789 3597 indomitis
807 3533 969 3614 gentibus
986 3552 1106 3614 asper3

396 3840 404 3870 ¹
419 3842 490 3891 Obiit
500 3846 582 3890 octono
592 3840 683 3890 decimo
697 3855 760 3890 orno
778 3840 823 3888 im·
847 3840 888 3889 his
900 3841 1004 3903 empire,
1012 3855 1045 3889 on
1052 3839 1095 3890 the
1104 3839 1147 3889 uh
1155 3840 1185 3889 of
1191 3839 1312 3903 October,

358 3914 446 3978 perit]
459 3913 549 3974 Henry
559 3912 619 3961 died
631 3916 658 3960 at
668 3910 780 3972 Botleld,
790 3926 822 3959 on
847 3911 918 3961 AJ).
933 3915 1007 3970 1056,
1023 3912 1074 3960 and
1086 3925 1141 3961 was
1157 3911 1267 3958 interred
1284 3917 1313 3960 at

343 3985 403 4034 the
424 3985 533 4033 confines
552 3983 581 4031 of
600 3981 666 4030 Saxe
684 3981 735 4030 and
754 3981 823 4028 Thu·
847 3981 929 4042 Spire.

360 4056 442 4117 ringe,
456 4054 482 4101 in
497 4053 539 4101 the
557 4052 701 4114 eighteenth
718 4066 780 4114 year
797 4051 826 4098 of
884 4048 939 4100 ²Se
957 4051 1102 4114 ruiturum]
1120 4049 1153 4099 A.
1165 4049 1193 4099 S.
1208 4050 1262 4100 02.
1275 4051 1312 4100 D.

361 4125 401 4175 his
417 4126 500 4186 reign,
511 4123 556 4171 but
572 4122 598 4170 in
614 4121 656 4169 the
669 4122 780 4172 liltcenth
797 4122 826 4170 ol
849 4122 880 4171 E.
890 4123 937 4181 L.;
955 4137 982 4171 se
994 4122 1152 4180 moriturum,
1166 4121 1194 4169 G.
