2858 4890
353 366 419 434 344
568 380 683 431 unsre
707 380 835 429 arcun
858 379 1075 431 aucnouuu.
1160 364 1250 449 [nm.
1265 379 1305 429 11.

353 543 405 606 ita
419 541 571 605 Romani
588 539 806 624 apostolatus
822 544 953 602 statum
974 557 1037 621 per
1051 534 1221 601 incuriam
1240 554 1304 600 an-

355 650 565 705 tecessorum
586 640 793 704 diminutum
810 639 955 715 invenit,
981 645 1021 701 ut
1042 644 1170 720 praeter
1192 654 1305 718 pauca

354 740 483 822 oppida
506 740 583 803 urbi
603 742 730 816 vicina,
754 746 789 802 et
809 738 1002 802 oblationes
1026 736 1190 813 fidelium,
1216 755 1304 818 pene

354 840 440 903 nihil
462 840 605 903 baberet
623 839 715 922 quod
738 858 776 902 se
799 844 1020 902 sustentaret.
1073 835 1244 901 Civitates
1271 842 1306 900 et

354 941 590 1023 possessiones
617 940 653 1002 iu
681 940 872 1020 longinquo
900 937 1036 1020 positae,
1063 955 1142 1018 quae
1171 936 1216 999 ad
1242 935 1304 1019 jus

355 1040 510 1104 ecclesiae
531 1039 762 1122 pertinebant,
778 1057 800 1101 a
816 1037 1038 1120 praedonibus
1059 1035 1209 1115 ablatae3
1232 1043 1305 1100 tra-

355 1140 457 1203 mites
480 1140 609 1222 publici
623 1146 659 1204 et
676 1146 789 1202 strata
802 1139 937 1202 viarum
959 1156 1021 1220 per
1036 1143 1147 1208 totam
1162 1135 1305 1202 Italiam

356 1259 379 1302 a
401 1238 595 1302 latronibus
624 1239 855 1321 stipabantur,
889 1245 930 1301 ut
959 1237 1074 1300 nullus
1101 1237 1305 1319 peregrinus

356 1339 424 1402 nisi
439 1358 516 1401 cum
530 1338 655 1422 majori
668 1357 773 1402 manu
788 1339 929 1420 impune
940 1338 1121 1401 transiret.
1175 1335 1305 1400 Ferve-

357 1440 442 1502 bant
463 1438 546 1502 totis
563 1439 695 1502 semitis
716 1437 958 1501 insidiatorum
980 1437 1153 1513 examina,
1168 1453 1231 1500 nec
1250 1435 1304 1500 in·

356 1538 518 1603 veniebat
534 1539 650 1602 viator
665 1533 734 1619 quo
751 1536 900 1601 colludio
917 1535 1101 1601 evaderet:
1124 1536 1176 1600 ita
1189 1536 1227 1601 in
1241 1554 1304 1599 va-

357 1657 460 1701 cuum
483 1638 575 1701 sicut
600 1639 636 1701 in
664 1638 889 1720 pecuniosum
911 1636 1112 1716 furebatur;
1136 1654 1199 1699 nec
1221 1654 1304 1718 sup-

356 1737 440 1820 plex
462 1736 589 1800 habere
612 1737 773 1819 gratiam,
799 1755 863 1799 nec
885 1736 1047 1800 resistens
1072 1735 1147 1819 pati
1167 1741 1308 1817 poterat

357 1836 569 1901 violentiam.
636 1835 820 1900 Cessatum
851 1842 905 1900 est
932 1837 977 1899 ab
1005 1836 1099 1899 omni
1127 1835 1308 1917 provincia
1356 1897 1360 1902 .

359 1936 509 2000 Romam
533 1937 600 2001 iter
621 1935 777 2018 aggredi,
799 1936 892 2018 quod
915 1934 1034 2000 mallct
1059 1935 1222 2018 quislibet
1244 1954 1308 2017 per

357 2035 565 2101 domesticas
607 2036 771 2100 ecclesias
810 2055 969 2099 nummos
1014 2053 1096 2099 suos
1141 2033 1307 2112 dividere,

358 2155 464 2217 quam
503 2136 716 2201 latrunculos
757 2137 907 2220 propriis
942 2135 1118 2199 laboribus
1151 2153 1306 2216 pascere.

358 2235 455 2313 Quid
481 2235 517 2298 in
541 2236 625 2299 urbe
640 2238 742 2300 unico
761 2235 842 2300 olim
864 2234 1062 2299 habitaculo
1085 2234 1307 2300 sanctitatis?

359 2334 407 2398 ibi
431 2334 468 2397 in
494 2336 607 2399 medio
629 2334 704 2399 foro
726 2336 943 2417 vagabantur
962 2335 1088 2413 sicarii,
1110 2353 1220 2416 genus
1242 2334 1306 2398 ho·

359 2432 492 2498 minum
506 2434 651 2497 infidum
666 2442 702 2499 et
716 2441 905 2499 versutum.
956 2435 994 2498 Si
1009 2435 1087 2517 quis
1104 2432 1308 2499 semitarum

359 2534 602 2598 observatores
632 2535 748 2618 aliquo
782 2535 965 2598 transisset
995 2534 1153 2612 artificio,
1181 2534 1308 2616 capitis

358 2633 492 2698 scilicet
519 2635 672 2716 periculo
693 2634 843 2717 apostoli
867 2633 1046 2698 ecclesiam
1067 2634 1185 2698 videre
1209 2633 1307 2716 cupi÷

355 2753 434 2811 ens,
458 2735 494 2796 in
519 2734 661 2796 sicarios
693 2733 861 2811 incidens,
886 2733 981 2798 nullo
1000 2733 1102 2798 modo
1127 2735 1201 2797 sine
1223 2735 1306 2796 sub·¹

357 2834 498 2902 stantia
521 2833 576 2897 vel
600 2832 724 2898 salutis
749 2833 876 2897 damno
899 2834 1037 2897 domum
1062 2839 1304 2899 reverteretur.

358 2931 471 3015 Super
486 2933 564 3016 ipsa
582 2941 781 2997 sanctorum
805 2934 1040 3015 apostolorum
1062 2941 1098 2998 et
1114 2939 1306 3016 martyrum

356 3050 514 3114 corpora,
536 3053 641 3115 super
665 3052 766 3097 sacra
779 3032 917 3110 altaria,
932 3033 1039 3115 gladii
1060 3034 1305 3113 nudabantur3

356 3131 549 3196 oblationes
590 3133 826 3197 accedentium
854 3133 914 3196 vix
946 3133 1027 3197 dum
1057 3134 1227 3216 appositae
1260 3132 1305 3196 de

354 3233 514 3296 manibus
543 3232 822 3314 abripiebantur3
852 3234 1005 3316 abreptae
1035 3233 1071 3296 in
1096 3251 1305 3297 commessa-

355 3332 467 3394 tiones
496 3339 532 3396 et
563 3339 756 3396 scortorum
787 3332 971 3396 abusiones
1002 3334 1304 3399 consumebantur,

355 3428 549 3494 Tantorum
572 3431 741 3495 malorum
758 3433 860 3496 turbo
877 3431 1040 3514 Gregorii
1060 3418 1227 3515 papatum
1250 3433 1303 3495 of-

354 3528 476 3592 fendit.
511 3529 577 3594 Ille
595 3532 706 3613 primo
721 3531 858 3609 leniter,
872 3540 919 3609 et,
933 3540 972 3596 ut
982 3533 1180 3615 pontificem
1191 3531 1303 3611 decet,

352 3748 403 3804 tus,
414 3745 448 3794 A.
461 3744 496 3795 D.
508 3746 653 3810 M.-Pagi
672 3749 759 3810 places
774 3750 816 3800 the
842 3753 942 3802 couneil
960 3753 1019 3802 held
1038 3758 1064 3802 at
1079 3753 1149 3802 Sutri
1160 3768 1192 3803 on
1204 3752 1304 3803 Christ·

352 3821 564 3864 commencement
579 3817 608 3866 of
617 3817 755 3880 Gregory's
771 3834 817 3880 pa·
840 3823 967 3885 mas-day,
980 3824 1050 3874 A.D.
1063 3827 1137 3885 1040,
1152 3823 1191 3872 for
1206 3823 1302 3887 having

352 3897 419 3943 pacy
436 3885 462 3932 in
482 3885 545 3946 May
559 3890 633 3949 1044,
648 3889 695 3936 but
711 3890 816 3952 Ughelli
839 3893 958 3942 obtained
971 3893 1014 3942 the
1025 3893 1085 3954 holy
1094 3907 1137 3942 see
1148 3893 1182 3954 by
1192 3893 1301 3955 simony.

351 3954 415 4001 cites
437 3969 454 4002 a
483 3954 583 4004 charter
610 3958 637 4005 in
659 3957 745 4008 which
773 3960 815 4010 the
840 3961 892 4012 Mr.
910 3962 1007 4024 Shurpe
1028 3962 1143 4012 remarks
1161 3963 1217 4013 that
1233 3964 1302 4014 Mal-

351 4022 436 4070 month
454 4023 483 4071 cf
490 4027 595 4086 August
608 4029 671 4076 1045
692 4029 715 4077 is
732 4031 815 4079 stated
839 4033 979 4094 mesbury’s
993 4033 1122 4082 character
1132 4032 1161 4082 of
1171 4033 1221 4082 this
1232 4050 1301 4096 pope

350 4095 376 4139 tc
388 4091 419 4141 be
430 4093 456 4140 in
469 4093 511 4142 the
523 4097 577 4143 first
589 4110 651 4156 year
660 4097 689 4146 of
702 4099 742 4147 his
754 4115 815 4160 pon·
838 4102 1215 4165 isconsideredasapocryphal.
1227 4103 1302 4153 Com·

349 4161 450 4214 tificate.
487 4164 530 4213 He
551 4180 606 4215 was
626 4167 738 4230 deposed
754 4174 781 4220 at
797 4186 814 4220 a
838 4187 899 4232 pare
911 4173 1004 4225 Rodul.
1016 4173 1120 4224 Glaber.
1131 4173 1177 4224 lib.
1190 4187 1214 4226 v.
1226 4189 1250 4225 c.
1262 4179 1287 4226 ὅ.
