2858 4890
368 391 434 456 366
588 404 701 453 onsra
725 403 852 452 ancon
876 403 1090 456 suenorum
1174 393 1261 473 [mn.
1280 408 1320 454 11.

370 571 487 628 menta
513 562 738 644 decapitavit.
784 561 936 625 Emicuit
960 571 1041 647 post
1073 584 1191 629 necem
1224 565 1321 629 beati

371 664 438 729 viri
462 671 648 728 transactae
674 662 758 726 vitae
781 662 917 744 puritas
940 663 1117 728 miraculis
1139 664 1321 729 inauditis.

373 763 501 847 Caput,
519 782 541 826 a
557 782 702 844 corpore
718 760 851 825 lictoris
867 763 1005 826 saevitia
1021 763 1183 841 divisum,
1199 765 1322 828 dume·

372 871 411 927 ta
432 863 695 947 projicientibus
713 862 825 925 Danis
846 862 1089 928 occuluerant:
1121 864 1213 946 quod
1237 865 1322 928 dum

372 965 466 1027 cives
494 968 700 1045 quaererent,
718 960 854 1025 hostem
878 961 1062 1026 abeuntem
1085 965 1245 1045 vestigiis
1267 966 1322 1027 in-

372 1063 496 1140 secuti,
518 1063 629 1125 funeri
654 1061 751 1142 regio
774 1061 893 1144 justas
915 1062 1065 1126 soluturi
1089 1063 1244 1140 inferias,
1262 1064 1323 1147 jo-

373 1163 485 1227 cunda
513 1162 582 1226 Dei
608 1180 752 1225 munera
777 1160 947 1241 hausere;
976 1164 1167 1228 exanimati
1193 1165 1321 1247 capitis

372 1283 493 1327 vocem
514 1280 727 1344 expressam,
746 1279 864 1324 omnes
882 1261 982 1326 adse
999 1263 1207 1328 lustratores
1230 1265 1321 1328 invi-

373 1364 492 1427 tantis.
547 1362 697 1445 Lupum,
723 1361 832 1424 seram
865 1361 1027 1427 cadaveri
1052 1371 1241 1441 assuetam,
1269 1365 1324 1427 la-

373 1463 476 1526 certis
493 1461 580 1525 illud
598 1455 892 1543 ¹circumplexum,
910 1464 1088 1527 innoxiam
1103 1464 1321 1546 praetendere

373 1562 587 1626 custodiam:
620 1561 778 1638 eundem,
804 1580 899 1625 more
931 1562 1111 1627 domestici
1147 1564 1321 1642 animalis»,

372 1662 509 1745 bajulos
531 1668 612 1744 post
634 1667 770 1743 tergum
792 1660 948 1726 modeste
973 1661 1018 1725 ad
1042 1664 1198 1727 tumbam
1223 1683 1322 1727 secu-

372 1771 458 1838 tum,
474 1760 607 1824 nullum
624 1759 768 1838 laesisse,
785 1779 808 1823 a
824 1761 920 1826 nullo
938 1762 1062 1826 laesum
1078 1781 1167 1826 esse.
1218 1763 1320 1827 Tunc
1339 1821 1341 1825 .

373 1882 436 1944 pro
461 1868 617 1943 tempore
644 1859 740 1924 humi
765 1858 932 1924 traditum
958 1881 1084 1946 corpus
1111 1863 1319 1940 venerabile,

373 1969 487 2025 terrea
515 1960 617 2042 gleba
642 1959 851 2043 superjecta,
879 1967 915 2025 et
942 1961 1046 2025 exilis
1067 1963 1170 2045 pretii
1202 1963 1320 2043 lignea

373 2060 508 2144 capella
540 2066 789 2143 superstructa.
840 2058 909 2124 Sed
941 2061 1063 2126 aderat
1093 2063 1321 2126 oscitantibus

374 2160 644 2243 provincialibus
659 2159 771 2222 virtus
793 2161 968 2243 martyris,
984 2162 1203 2244 semisopitas
1226 2182 1321 2225 men-

375 2268 427 2324 tes
455 2279 573 2323 eorum
599 2259 643 2322 ad
668 2259 723 2322 sui
747 2261 977 2324 reverentiam
1002 2262 1113 2343 signis
1140 2263 1319 2341 excitans3

375 2368 411 2424 et
441 2360 519 2424 leve
550 2359 690 2440 quidem
721 2376 763 2421 ac
795 2357 960 2441 frigidum
991 2361 1049 2438 sit,
1081 2361 1142 2424 sed
1172 2364 1320 2446 primum

374 2452 562 2524 ²virtutum
591 2458 666 2541 ejus
695 2457 983 2547 experimentum,
1011 2461 1102 2544 quod
1127 2461 1319 2545 subjiciam.

376 2557 621 2635 latrunculos,
644 2564 750 2621 noctu
776 2576 912 2623 sacram
942 2560 1051 2624 aedem
1075 2559 1231 2644 expilare
1260 2580 1321 2644 ag-

376 2678 527 2742 gressos,
559 2658 681 2722 invisis
715 2658 799 2723 loris
829 2659 867 2723 in
901 2661 988 2744 ipsis
1023 2663 1205 2726 conatibus
1236 2661 1321 2725 irre-

376 2761 476 2839 tivit3
501 2758 656 2839 formoso,
675 2757 860 2823 admodum
886 2762 1096 2843 spectaculo,
1114 2761 1208 2845 quod
1233 2781 1322 2843 prae-

376 2860 423 2923 da
444 2858 625 2942 praedones
644 2857 768 2934 tenuit,
790 2865 831 2922 ut
848 2878 911 2923 nec
927 2868 1044 2944 coepto
1062 2860 1241 2940 desistere,
1258 2881 1321 2925 nec

376 2960 541 3023 inchoata
554 2957 712 3022 valerent
737 2958 912 3040 perficere.
965 2960 1190 3045 Quapropter
1209 2960 1322 3024 Theo-

376 3059 504 3138 dredus
520 3057 709 3121 Londoniae
726 3058 867 3138 praesul,
877 3060 937 3142 qui
951 3061 1045 3143 apud
1062 3068 1220 3126 sanctum
1232 3059 1325 3124 Pau-

378 3159 451 3222 lum
474 3159 584 3242 jacet,
602 3156 747 3239 plebeiae
769 3157 937 3223 machinae
963 3159 1163 3225 diuturnam
1185 3155 1324 3224 ⁵amoli-

379 3267 436 3322 tus
452 3266 505 3323 est
521 3256 696 3340 injuriam,
713 3258 897 3337 augustius
911 3260 1093 3325 aedificium
1107 3280 1211 3344 super
1221 3279 1325 3325 vene·

379 3358 489 3423 randa
508 3357 661 3420 membra
685 3355 847 3436 molitus3
874 3379 952 3441 quae
978 3368 1013 3424 et
1032 3361 1190 3425 miranda
1212 3359 1325 3424 incor-

375 3459 552 3547 ruptione,
586 3462 622 3519 et
655 3455 768 3519 lacteo
800 3458 950 3538 quodam
983 3461 1144 3538 candore,
1178 3459 1348 3542 gloriam¹

379 3564 510 3621 sanctae
532 3556 655 3619 animae
670 3554 918 3637 praedicabant.
971 3559 1099 3643 Caput,
1116 3561 1199 3624 olim
1213 3579 1237 3622 a
1253 3579 1326 3623 cer-

379 3657 456 3721 vice
481 3655 670 3731 revulsum,
700 3673 791 3717 nunc
819 3658 952 3741 reliquo
984 3661 1120 3743 corpori
1151 3660 1327 3742 compagi-

380 3763 514 3833 natum,
532 3756 671 3836 signum
683 3760 800 3818 tamen
818 3760 975 3842 martyrii
990 3761 1151 3824 coccinea
1166 3755 1330 3824 cicatrice

375 4018 377 4022 .
415 3976 656 4042 lcsranmplexaml
694 3973 729 4023 A·
756 3979 785 4028 c·
807 3980 843 4030 D·
904 4003 1049 4056 ⁸Amolitus
1069 4011 1106 4055 ert
1127 4005 1271 4069 injuriam]
1298 4007 1328 4055 C·

380 4047 737 4184 E.2L‡;23rmc<;1;1'l‡‘]³¹ffinac⁸·D
751 4121 844 4179 Μὰ
870 4074 978 4197 gL&
1006 4077 1111 4126 sustulit
1141 4076 1272 4139 invidiam,
1294 4076 1328 4126 A.

379 4192 483 4240 omitted
495 4192 521 4238 in
533 4189 562 4239 S.
