2858 4890
122 404 190 454 nm.
208 391 264 475 11.]
346 409 458 458 casm
483 411 610 460 uncum
635 413 847 466 suenorum.
1005 406 1068 476 241

121 569 206 643 tum,
244 568 340 631 velut
376 568 601 636 fundamenta
640 575 819 653 montium,
856 577 1070 644 inconvulsis

118 663 340 746 ligaminibus
371 669 443 732 fixa
474 672 555 749 sint,
593 680 709 738 tamen
742 676 944 760 plerumque
981 686 1068 743 tem·

119 767 312 845 pestatibus
328 776 363 832 et
378 770 572 835 turbinibus
595 774 801 839 secularium
817 797 930 841 rerum
946 779 1067 861 religio

116 986 253 1048 quispiam,
267 987 308 1035 vel
330 992 459 1036 extremus
475 1002 579 1050 congre·
604 987 721 1037 Eundem
741 1004 841 1051 quoque
857 991 949 1040 lituum
963 1007 1022 1041 mox
1038 993 1065 1042 in

117 1056 235 1118 gationis,
247 1057 286 1105 illi
296 1057 377 1106 officio
387 1062 463 1119 aptus
474 1059 578 1120 reperiri
603 1058 644 1105 sui
656 1060 792 1119 praesentia
802 1060 863 1110 iecit
869 1063 950 1110 secari
960 1077 1063 1122 perme-

115 1127 234 1184 potuerit.
270 1127 403 1176 Monacbis
414 1128 501 1188 itaque
513 1127 578 1176 elec·
601 1127 682 1189 dium,
693 1143 724 1178 ne
743 1143 801 1176 eum
820 1132 938 1191 cuiquam
949 1131 1010 1180 dare
1021 1134 1062 1182 vel

115 1194 208 1244 tionem
226 1197 267 1245 sui
282 1198 382 1246 abbatis
392 1202 515 1259 perpetuo
525 1213 577 1246 ma·
600 1197 709 1247 vendere
724 1203 811 1259 posset
821 1201 927 1261 quilibet
942 1202 1061 1251 abbatum

116 1279 175 1314 nere
193 1267 306 1326 censuit;
324 1268 373 1316 sibi
383 1283 453 1329 vero,
472 1268 576 1329 suisque
600 1269 769 1330 sequentium,
791 1271 943 1331 praecipiens
964 1276 1061 1332 partem

116 1333 270 1398 haeredibus,
275 1337 403 1386 tribuendi
414 1338 486 1386 fratri
496 1338 576 1386 electo
599 1337 670 1386 illius
681 1339 776 1387 servari
783 1340 810 1386 in
820 1340 877 1388 loca
885 1341 976 1401 adjam
984 1342 1060 1392 dictae

115 1407 266 1465 pastoralem
285 1408 405 1456 baculum
427 1412 576 1468 potestatem
599 1406 741 1456 donationis
757 1423 866 1469 perenne
881 1411 1059 1463 testimonium.

115 1475 227 1527 retinuit.
264 1477 354 1526 Sanxit
370 1478 456 1539 etiam,
474 1482 504 1526 ut
514 1493 575 1539 quo·
599 1476 909 1541 Recogitausveroquam
927 1480 1007 1529 multa
1022 1486 1059 1531 te-

114 1545 180 1595 tiens
191 1547 270 1596 abbas
280 1546 330 1596 loci
340 1548 380 1596 vel
397 1546 513 1595 monachi
529 1549 575 1596 ali·
598 1548 701 1596 meritus
723 1548 839 1597 humanae
861 1550 981 1612 levitatis,
1002 1553 1057 1612 qui·

114 1628 178 1674 quos
189 1631 292 1666 suorum
303 1618 383 1666 sacris
394 1617 525 1666 ordinibus
536 1619 573 1667 in·
597 1616 696 1678 busque
704 1619 768 1667 solet
774 1633 913 1681 surrepere,
918 1635 1057 1682 verensque

111 1684 201 1746 signiri
211 1687 407 1747 decemerent‚a
423 1702 574 1749 quocunque
597 1701 628 1734 ne
650 1688 714 1736 sorte
735 1690 792 1749 quis
814 1688 840 1737 in
867 1694 995 1752 posterum
1017 1693 1057 1740 vel

113 1757 252 1815 praesulum
275 1758 394 1806 canonice
421 1758 574 1820 ordinatum,
597 1755 652 1805 haec
670 1758 804 1821 privilegia
821 1760 876 1808 loco
891 1760 930 1808 illi
948 1760 1057 1823 auferre,

112 1830 157 1874 aut
176 1827 203 1875 in
218 1827 288 1875 illius
305 1827 365 1876 sede
382 1832 428 1875 aut
444 1828 470 1875 in
484 1827 572 1877 eodem
596 1827 637 1874 vel
647 1828 781 1877 monachos
798 1829 858 1878 inde
872 1830 1001 1878 moliretur
1011 1832 1057 1892 eji-

112 1901 207 1946 sanctae
226 1897 318 1946 Mariae
330 1897 502 1959 Glestingensi
520 1912 572 1947 mo·
596 1910 663 1959 cere,
698 1899 785 1947 inclito
809 1896 918 1948 'domino
944 1900 1055 1950 Johanni

110 1967 572 2027 nasteriotammonachosquamcle-
594 1981 679 2029 papae,
708 1970 753 2028 qui
775 1968 916 2018 Octaviano
939 1970 966 2017 in
987 1973 1055 2032 regi·

111 2051 161 2098 ros,
177 2051 241 2098 quos
259 2037 362 2086 idoneos
376 2037 522 2098 judicarent
537 2039 571 2087 ad
594 2037 669 2085 minis
680 2038 772 2086 honore
783 2043 953 2100 successerat,
961 2040 1055 2090 direxit

110 2106 212 2155 titulum
231 2111 326 2155 sauctae
341 2107 433 2155 Mariae
449 2108 570 2171 ordinari,
593 2105 660 2155 idem
671 2108 864 2170 chirographum
875 2109 953 2171 regiae
964 2110 1055 2160 libera-

111 2174 231 2226 facerent.
267 2176 400 2226 concessit
409 2177 485 2224 etiam
496 2183 526 2226 ut
536 2180 570 2226 si·
592 2175 681 2238 litatis,
691 2193 765 2227 orans
784 2183 854 2227 utet
871 2178 926 2229 haec
945 2180 1001 2240 ipse
1014 2196 1055 2230 ro·

110 2250 154 2293 cut
164 2247 219 2308 ipse
234 2246 261 2294 in
276 2247 388 2307 propria,
397 2246 435 2294 ita
444 2247 521 2296 totius
532 2249 570 2296 in·
592 2245 692 2295 boraret
708 2248 802 2310 scripto
819 2250 976 2298 auctoritatis
992 2265 1055 2312 apo-

111 2315 175 2364 sulae
187 2330 279 2364 causas
290 2316 316 2363 in
327 2316 442 2364 omnibus
458 2321 510 2364 tam
526 2332 568 2366 ee·
592 2316 697 2367 stolicae.
735 2318 797 2379 Qui,
812 2319 919 2380 benigne
930 2320 1053 2370 directam

109 2386 259 2435 clesiasticis
269 2400 345 2446 quarn
357 2385 514 2434 secularibus
525 2401 569 2435 ne·
579 2402 581 2421 ι
591 2386 733 2448 suscipiens
753 2388 914 2450 legationem,
935 2392 1053 2440 concordi

109 2456 194 2517 gotiis,
211 2457 307 2516 absque
328 2456 407 2504 ullius
429 2457 569 2505 contradic·
591 2468 697 2504 assensu
714 2458 821 2506 Romani
839 2459 940 2507 concilii
954 2462 1053 2510 sancita

109 2525 175 2575 tione
186 2527 265 2575 abbas
278 2529 324 2574 aut
338 2530 476 2574 conventus
493 2528 569 2574 corri-
591 2525 624 2572 ab
641 2526 673 2574 iis
690 2527 798 2577 fimavit
808 2530 940 2578 scribendo
951 2535 1052 2591 aposto·

108 2601 187 2657 geret.
223 2597 279 2644 Nec
295 2596 334 2644 illi
349 2596 448 2644 omnino
459 2597 568 2645 insulam
590 2595 648 2642 licae
665 2599 823 2646 auctoritatis
839 2602 1050 2661 praeceptionem

106 2667 246 2715 nativitatis
273 2680 327 2715 suae
355 2666 490 2727 consciam,
514 2667 567 2727 sive
591 2665 736 2715 terribiliter
757 2668 902 2729 intorquens
924 2670 951 2717 in
972 2671 1051 2719 viola-

106 2737 251 2799 episcopus,
272 2737 326 2786 sive
347 2737 411 2797 dux,
434 2740 480 2784 aut
500 2737 568 2796 prin·
590 2739 666 2797 tores,
689 2737 711 2784 si
741 2738 786 2797 qui
808 2737 871 2788 forte
896 2741 1050 2802 emerserint,

108 2821 178 2868 ceps,
204 2812 249 2856 aut
270 2807 445 2868 cujuscunque
472 2806 567 2856 ordinis
591 2806 708 2866 perpetui
729 2805 897 2856 anathematis
918 2809 1049 2861 ultionem.

107 2876 184 2939 alius,
193 2873 291 2926 licitum
301 2876 366 2925 soret
374 2877 478 2937 intrare,
488 2891 568 2927 causa
590 2875 674 2937 Igitur
687 2877 781 2926 domini
793 2878 909 2938 praedicti
916 2880 1049 2940 apostolici

106 2948 238 3008 quippiam
254 2944 364 2997 faciendi
382 2946 451 3007 quod
470 2950 567 2996 contra·
589 2945 671 2994 eidem
682 2947 737 2996 loco
744 2947 867 2997 directum
874 2953 1049 2999 testamentum

107 3017 171 3064 rium
184 3018 246 3066 inibi
257 3017 314 3066 Deo
325 3017 491 3065 servientibus
510 3031 566 3067 esse
589 3021 703 3065 venustae
725 3018 905 3067 recordationis
926 3034 971 3067 rex
994 3020 1049 3068 Ed-

105 3088 194 3147 possit,
205 3088 272 3137 sicut
282 3091 308 3135 et
317 3087 516 3148 praedecessores
524 3089 565 3136 sui
590 3099 667 3146 garns
694 3101 772 3148 super
798 3103 867 3136 aram
894 3090 1048 3139 beatissime

105 3162 251 3219 sanxerunt,
272 3161 297 3206 et
318 3156 459 3218 privilegiis
476 3157 562 3206 confir·
589 3154 640 3204 Dei
660 3157 789 3217 genitricis
805 3157 895 3206 Mariae
911 3158 998 3207 itidem
1014 3160 1048 3211 ad

105 3233 255 3287 mavemnt;
281 3226 400 3275 videlicet
421 3226 563 3289 Cenwines,
588 3226 735 3286 perpetuale
746 3227 832 3287 posuit
846 3233 1048 3279 monumentum:

104 3296 173 3358 lues,
207 3296 378 3358 Athellardus,
410 3295 563 3359 Cuthredus,
584 3296 678 3356 jubens
707 3296 842 3359 diligenter
871 3300 995 3349 asservari
1021 3300 1048 3349 in

105 3366 234 3427 Eliredus‚
256 3367 409 3428 Edwnrdus,
436 3365 563 3415 Ethelste-
588 3370 715 3425 posterum
726 3366 759 3414 ad
767 3367 880 3414 notitiam
892 3382 1049 3430 quorumque

104 3438 350 3499 nus,Aedmundus,
367 3435 562 3496 omninoprohi-
588 3436 756 3496 sequentium.
793 3437 919 3485 Eaetiam
931 3442 1049 3500 utraque,

103 3508 167 3556 buit.
194 3506 244 3557 Ubi
255 3522 314 3570 ergo
325 3507 436 3570 generali
447 3520 562 3565 assensu,
587 3520 618 3553 ne
641 3506 773 3555 videamur
794 3507 856 3555 talia
877 3509 1048 3568 commentari,

104 3581 133 3625 ut
143 3578 239 3626 dictum
256 3583 303 3639 est,
313 3578 467 3637 pontificum,
485 3577 561 3624 abba·
587 3575 627 3622 his
644 3581 743 3637 gratum
762 3577 897 3626 habuimus
913 3578 1049 3628 subiudsre

103 3651 166 3710 tum,
176 3649 373 3709 optimatumque
384 3661 495 3707 suorum,
506 3647 562 3695 haec
587 3645 709 3695 adversus
721 3661 764 3696 eos
775 3647 820 3707 qui
834 3662 883 3696 non
894 3652 923 3696 ut
934 3652 1048 3708 pastores

101 3717 236 3780 privilegia
249 3719 305 3778 ipso
320 3719 377 3767 loco
388 3716 500 3765 conferre
511 3716 563 3765 dis·
587 3729 633 3775 per
644 3717 737 3765 ostium
756 3718 858 3779 intrare,
869 3718 915 3766 sed
932 3722 962 3766 ut
978 3717 1048 3768 iures

103 3789 198 3849 posuit,
218 3789 310 3836 lituum
337 3787 466 3848 proprium
487 3787 561 3835 ebore
587 3789 612 3833 et
627 3786 737 3836 latrones
753 3787 779 3834 in
796 3787 864 3835 idem
875 3787 940 3836 ovile
952 3793 1048 3838 sanctae

102 3858 277 3907 decentissime
295 3857 438 3919 formatum,
449 3871 561 3918 auroque
588 3856 679 3906 Mariae
699 3857 802 3906 aliunde
821 3861 941 3918 quaerunt
957 3859 1048 3907 irrum-

102 3928 257 3989 decmatnm,
276 3942 353 3990 super
369 3928 449 3976 altare
466 3932 561 3976 sanctae
586 3940 655 3986 pere.

102 3998 154 4047 Dei
169 3998 297 4061 genitricis
313 3999 411 4059 posuit;
429 3998 561 4057 ipsiusque
621 3996 629 4025 ‘
644 3995 779 4044 “Noverit
795 4000 942 4046 cunctorum
958 3996 1049 4046 notitia

102 4068 234 4117 donatione
245 4068 328 4116 eidem
345 4071 439 4116 sanctae
451 4066 502 4115 Dei
519 4081 561 4128 ge·
586 4064 698 4113 fidelium
715 4067 783 4127 qnod
800 4081 847 4128 ego
858 4065 997 4127 lohannes,
1010 4066 1047 4126 pii

101 4140 185 4187 nitrici
202 4153 232 4187 ao
250 4139 303 4187 suis
319 4137 448 4186 monachis
464 4151 496 4186 ea
505 4151 562 4196 per·
587 4133 732 4185 Conditoris
748 4136 880 4186 clementia
891 4139 986 4184 sanctae
997 4136 1049 4184 Ro·

101 4209 236 4270 petualiter
262 4207 416 4270 possidenda
438 4207 560 4256 attribuit.
586 4218 667 4254 manae
696 4207 765 4256 sedis
792 4207 903 4263 existens
927 4206 1048 4267 indignus

874 4297 898 4344 R
