2858 4890
345 379 412 443 266
571 391 683 441 cssra
709 390 836 438 ancuu
860 389 1073 439 ascnonuu.
1157 376 1242 459 [ma.
1259 392 1301 439 11.

349 551 494 634 refugio.
548 550 629 614 Rex
655 550 789 614 interea
816 555 990 626 strenuus,
1019 555 1055 613 et
1082 546 1226 630 pulchre
1252 548 1298 612 ad

350 651 587 716 dormiendum
616 651 742 727 factus,
776 656 875 715 tanta
905 648 1047 731 negotia
1073 656 1299 731 postponens,

352 753 542 831 oscitabat;
565 759 601 815 et
618 752 648 815 si
670 749 808 833 quando
831 749 1024 832 resipuerat
1048 756 1088 814 ut
1104 749 1161 812 vel
1179 749 1299 815 cubito

352 871 389 916 se
406 852 593 929 attolleret,
615 851 808 927 confestim,
823 850 879 915 vel
895 857 1063 931 gravante
1077 849 1221 926 desidia,
1243 849 1301 915 vel

352 952 559 1016 adversante
572 952 721 1028 fortuna,
740 951 777 1014 in
794 950 948 1015 miserias
964 949 1149 1016 recidebat.
1203 950 1300 1015 Exa-

352 1053 513 1134 gitabant
532 1051 630 1117 illum
655 1052 786 1116 umbrae
804 1050 979 1129 fraternae,
1001 1050 1095 1116 diras
1118 1050 1300 1132 exigentes

353 1151 504 1216 inferias.
558 1152 647 1230 Quis
663 1152 774 1234 possit
788 1170 989 1217 enumerare
1011 1152 1172 1234 quotiens
1198 1169 1300 1216 exer·
1394 1179 1397 1183 ’

353 1252 460 1316 citum
486 1253 774 1334 congregaveritl
798 1245 975 1334 ¹quotiens
997 1270 1106 1317 naves
1134 1250 1297 1315 fabricari

348 1351 518 1435 jusserit?
542 1353 702 1433 quotiens
724 1350 829 1415 duces
847 1351 1073 1433 undecunque
1088 1351 1300 1428 evocaverit,

353 1458 389 1516 et
412 1452 498 1515 nihil
518 1470 670 1534 unquam
694 1451 816 1514 horum
837 1451 1068 1535 processerit?
1122 1451 1217 1515 Nam
1236 1469 1300 1515 ex·

353 1553 481 1618 arcitus
510 1552 666 1634 principe
692 1571 827 1628 carens,
856 1558 892 1616 et
919 1552 1110 1634 disciplinae
1138 1550 1301 1616 militaris

352 1654 507 1734 ignarus,
524 1660 585 1717 aut
602 1660 684 1718 ante
699 1651 976 1734 congressionem
990 1652 1219 1729 dilabebatur,
1236 1659 1301 1717 aut

354 1753 489 1836 inipso
514 1753 678 1818 conflictu
700 1752 800 1816 facile
822 1752 976 1817 cedebat.
1021 1751 1129 1817 Valet
1150 1752 1300 1817 multum

354 1852 506 1917 inbellis
528 1852 625 1917 ducis
648 1853 846 1935 praesentia,
868 1852 963 1919 valet
984 1858 1143 1935 spectata
1161 1853 1199 1915 in
1219 1851 1300 1916 tali·

354 1953 418 2015 bus
446 1952 604 2030 audacia,
632 1954 727 2020 valet
749 1972 833 2016 usus
861 1959 897 2017 et
921 1954 1071 2017 maxime
1094 1952 1302 2034 disciplina3

354 2053 491 2134 quibus,
514 2059 555 2116 ut
576 2053 662 2130 dixi,
678 2071 800 2116 carens
822 2053 1008 2131 exercitus,
1030 2052 1302 2136 provincialibus

353 2152 610 2234 irrecuperabili
635 2153 827 2235 dispendio,
850 2152 1006 2217 hostibus
1025 2153 1212 2218 miserabili
1226 2159 1304 2218 erat

354 2252 513 2317 ludibrio.
565 2252 630 2317 Est
645 2253 730 2317 illud
754 2252 929 2318 hominum
952 2273 1073 2335 genus,
1097 2254 1127 2316 si
1148 2273 1219 2317 non
1243 2272 1302 2318 co·

355 2359 513 2416 arceatur
532 2359 613 2416 ante
637 2354 777 2430 bellum,
802 2354 838 2416 in
864 2352 1004 2435 rapinas
1028 2360 1248 2436 promptum3
1272 2353 1305 2416 si

354 2472 425 2517 non
442 2453 614 2517 animetur
627 2453 664 2517 in
677 2453 781 2530 bello,
796 2453 841 2518 ad
852 2453 970 2535 sugam
981 2473 1140 2536 pronum.
1179 2453 1301 2518 Naves

355 2553 400 2617 ad
413 2553 594 2618 tutandam
617 2573 713 2618 oram
729 2554 936 2618 maritimam
952 2554 1150 2632 fabricatae,
1173 2573 1252 2617 cum
1266 2554 1304 2618 in

356 2653 515 2717 anchoris
533 2654 783 2731 constitissent,
808 2661 949 2737 repente
971 2662 1091 2720 coorta
1113 2661 1303 2736 tempestas

356 2753 533 2835 corripuit,
548 2762 583 2819 et
597 2754 736 2818 collisas
751 2754 842 2819 inter
854 2773 891 2820 se
906 2753 1060 2838 disjectis
1080 2753 1304 2819 armamentis

356 2854 496 2918 inutiles
519 2854 675 2919 reddidit.
729 2853 869 2931 Paucae,
892 2855 935 2919 de
949 2854 1103 2938 reliquiis
1115 2855 1303 2920 multarum

357 2951 470 3030 sactae,
492 2954 624 3037 impetu
645 2953 825 3038 cujusdam
839 2954 1018 3032 Wulnodi,
1041 2974 1143 3037 quem
1157 2975 1221 3018 rex
1240 2975 1304 3018 ex-

357 3053 510 3134 legatum
533 3055 694 3137 ejecerat,
719 3056 906 3118 submersae
929 3055 986 3118 vel
1010 3055 1173 3133 incensa,
1205 3074 1304 3137 spem

358 3153 466 3218 totius
489 3152 628 3237 Angliae
650 3154 856 3219 fefellerunt.
909 3155 1027 3219 Duces
1053 3155 1084 3218 si
1105 3154 1242 3238 quando
1258 3154 1303 3219 ad

358 3255 540 3319 concilium
562 3255 815 3332 convenissent,
829 3274 911 3338 pars
932 3254 1010 3333 hoc,
1032 3275 1114 3338 pars
1139 3255 1224 3320 illud
1241 3256 1304 3319 eli·

359 3374 460 3435 gere3
488 3354 563 3433 vix,
585 3362 647 3419 aut
669 3374 857 3436 nunquam,
882 3356 919 3419 in
942 3357 1068 3421 bonam
1095 3355 1303 3420 sententiam

359 3455 553 3518 convenire.
606 3454 723 3538 Magis
739 3457 829 3520 enim
846 3457 888 3520 de
911 3456 1145 3522 simultatibus
1168 3456 1304 3521 domes-

360 3553 438 3617 ticis
462 3573 566 3637 quam
592 3554 634 3618 de
657 3557 804 3638 publicis
829 3557 1093 3621 necessitatibus
1126 3557 1303 3622 consulta-

312 3648 315 3654 ’
358 3654 453 3717 bant.
504 3653 528 3718 J
531 3674 587 3717 am
601 3657 729 3720 verosi
750 3657 844 3740 quid,
862 3665 1007 3740 urgente
1029 3658 1195 3740 periculo,
1218 3658 1305 3722 utile

360 3759 395 3816 et
420 3772 584 3819 arcanum
608 3757 852 3835 decrevissent,
884 3759 1002 3822 statim
1029 3758 1073 3821 ad
1100 3759 1221 3823 Dauos
1243 3779 1306 3841 per

360 3854 551 3935 proditores
578 3856 814 3921 deferebatur:
855 3877 936 3921 nam
968 3865 1095 3943 praeter
1128 3859 1307 3937 Elfrieum,

361 3954 492 4033 Elferii,
515 3957 574 4039 qui
599 3959 810 4040 superiorem
827 3978 944 4041 regem
967 3959 1152 4039 occiderat,
1169 3978 1307 4024 succes·

377 4204 384 4234 ¹
399 4207 516 4262 Quotiens
526 4205 856 4280 naoesfobrieorijusscrit]
874 4213 903 4263 S.
916 4214 947 4263 C.
960 4214 995 4263 D.
1008 4214 1054 4273 Ε.;
1067 4212 1170 4262 omitted
1182 4210 1248 4261 ind.
1256 4213 1288 4262 L.
