2858 4890
153 358 282 441 n1n.1.]
378 375 492 423 onsrn
516 374 642 424 nnoun
666 374 882 423 nnouonun.
1058 356 1103 425 73

154 553 231 615 gem
248 533 456 596 Merciorum
480 532 646 607 excitata,
672 551 750 595 curn
769 530 994 614 stipatoribus
1016 531 1106 596 fusis

154 633 228 716 ipse
251 652 387 715 quoque
409 632 571 695 ferratam
593 631 717 695 silvam
739 631 775 695 in
799 640 937 715 pectore
957 639 1106 714 gereret,

156 752 219 796 nec
249 735 431 797 atrocitate
460 732 653 808 vulnerum,
689 751 752 795 nec
786 733 907 795 mortis
945 725 1107 813 confinio,

155 833 270 914 potuit
288 833 388 914 argui
412 832 495 914 quin
517 850 580 914 pro
600 830 779 894 animabus
792 831 952 900 fidehum,
966 852 1107 897 suorum

156 933 306 997 Domino
337 933 414 996 Deo
451 932 685 1014 supplicaretl
753 930 811 994 Ita
839 931 892 996 vir
920 933 957 995 in
988 933 1106 997 seculo

155 1032 307 1114 ingentis
328 1032 461 1114 gloriae,
481 1049 617 1112 magnae
640 1030 733 1113 apud
748 1031 862 1095 Deum
877 1032 1013 1114 gratiae,
1031 1031 1107 1096 ani-

156 1151 246 1195 mam
262 1151 393 1196 exuens
407 1131 607 1214 gratiosam,
621 1131 675 1193 sui
697 1118 845 1213 posteris
859 1132 1013 1214 profudit
1034 1153 1107 1196 me-

156 1232 300 1295 moriam
327 1251 388 1314 per
416 1230 659 1294 miraculorum
690 1230 940 1313 frequentiam:
972 1233 1106 1298 merito.

157 1331 230 1395 Res
245 1339 299 1396 est
312 1332 402 1394 enim
412 1351 482 1394 non
492 1328 648 1412 pertrita,
658 1330 718 1393 sed
730 1324 864 1396 ‘¹corvo
879 1332 989 1395 rarior
1003 1331 1106 1411 albo,'

157 1431 329 1496 hominem
367 1430 542 1494 abundare
573 1429 715 1506 divitiis,
749 1439 784 1494 et
821 1431 912 1496 nolle
948 1430 1107 1495 lascivire

158 1531 263 1595 vitiis
316 1530 442 1613 Itaque
464 1529 619 1594 defuncti
631 1529 784 1607 brachia,
802 1550 880 1594 cum
899 1533 1058 1595 manibus
1071 1538 1107 1598 et

157 1631 283 1714 capite,
296 1629 484 1696 insatiabili
507 1623 666 1693 ²vict0ris
688 1629 741 1692 ira
762 1630 913 1708 desecta,
935 1638 971 1694 et
997 1632 1109 1714 stipiti

158 1750 320 1815 appensa.
374 1731 421 1794 Et
441 1749 565 1812 corpus
578 1728 727 1811 quidem,
742 1738 782 1793 ut
803 1731 887 1806 dixi,
904 1737 1015 1794 totum
1031 1731 1107 1814 pla·
1119 1747 1232 1790 mutua

159 1831 237 1895 cido
264 1838 398 1895 naturae
428 1830 506 1892 sinu
535 1828 723 1908 confotum,
758 1830 795 1892 in
822 1824 1013 1894 ³terrenum
1039 1800 1274 1895 ele-”dmm

159 1937 314 1994 mentum
337 1931 442 1995 abiit:
466 1929 608 1992 brachia
630 1949 712 1993 vero
735 1949 813 1992 cum
837 1931 1006 2007 manibus,
1026 1950 1109 1995 anc-

160 2038 236 2096 tore
269 2031 358 2108 Deo,
381 2023 435 2093 ⁴et
456 2023 564 2093 ⁵teste
591 2028 705 2093 veraci
732 2029 908 2106 historico,
942 2031 1111 2096 inviolata

159 2131 295 2195 durant.
349 2130 402 2193 Ea
423 2148 445 2191 a
469 2128 575 2192 fratre
598 2127 717 2192 Oswio
740 2129 832 2211 apud
847 2123 1111 2212 ⁶Behbanburg,

161 2233 280 2295 urbem
294 2230 345 2294 ita
358 2235 486 2293 vocant
500 2226 621 2310 Angli,
641 2229 834 2310 composita
857 2231 995 2307 scrinio,
1012 2250 1109 2294 mon·

163 2339 274 2395 strata
302 2328 480 2406 miraculo,
515 2328 606 2391 idem
642 2329 775 2392 asserit.
828 2328 908 2408 Quo
934 2330 1002 2394 loci
1029 2331 1110 2412 quia

162 2431 324 2514 opinione
338 2428 467 2493 fluctuo
477 2435 606 2492 utrum
627 2429 672 2492 ad
695 2428 786 2493 hunc
808 2429 898 2493 diem
919 2437 1112 2509 serventur,

162 2529 375 2614 praecipitem
389 2528 650 2592 affirmationem
664 2547 733 2591 non
747 2529 887 2594 emitto:
911 2529 941 2592 si
955 2530 1037 2611 quid
1052 2531 1112 2594 alii

162 2628 430 2711 historiographi
443 2636 571 2692 temere
593 2635 675 2692 sunt
695 2628 842 2711 professi
861 2629 929 2712 ipsi
941 2629 1111 2710 viderint3

164 2730 248 2794 mihi
268 2729 362 2794 fama
385 2729 488 2793 vilius
511 2734 657 2805 constet,
682 2748 726 2791 ne
748 2729 933 2811 quicquam
947 2730 1023 2793 ¹nisi
1050 2731 1111 2793 ab·

164 2830 278 2895 soluta
295 2828 361 2893 fide
376 2829 518 2911 dignum
534 2827 760 2911 pronuntiem.
814 2827 940 2911 Caput,
954 2836 1036 2894 tunc
1051 2820 1113 2894 ⁷ab

165 2930 284 2995 eodem
304 2948 468 3011 germano
482 2927 694 2991 Lindisfarni
712 2928 903 3005 humatum,
914 2921 1023 2992 ⁸nunc
1037 2929 1114 2992 Du-

165 3030 270 3094 nelmi
295 3031 386 3093 inter
412 3027 554 3093 brachia
578 3028 768 3092 beatissimi
794 3027 976 3093 (luthberti
1004 3029 1114 3093 teneri

164 3130 272 3194 aiunt.
306 3130 397 3193 Ossa
406 3128 530 3210 reliqui
539 3128 691 3210 corporis
701 3148 779 3191 cum
787 3127 909 3209 regina
918 3127 1112 3208 Ostdritha,

164 3250 254 3294 uxor
265 3228 441 3293 Ethelredi
460 3228 552 3309 regis
569 3227 790 3305 Marciorum,
805 3228 878 3292 filia
899 3227 991 3309 regis
1006 3226 1115 3307 Oswi,

164 3329 309 3395 caritate
329 3329 445 3411 patrui
470 3327 586 3404 ducta,
610 3326 782 3391 Bardcnio
805 3329 1014 3392 monasterio
1037 3348 1116 3408 suo,

166 3429 257 3514 quod
271 3429 374 3493 estin
389 3428 529 3509 regione
544 3427 752 3490 Marciorum
776 3449 846 3492 non
866 3428 970 3510 longe
996 3449 1018 3493 a
1033 3429 1118 3493 Lin-

200 3626 301 3676 ¹Corvn
310 3625 391 3674 rarior
407 3623 482 3688 olba]
499 3623 562 3673 Juv.
574 3622 627 3672 Sat.
689 3621 903 3690 ⁶Bohbunburg]
930 3627 1121 3691 Bamborough,

163 3698 337 3748 v11.lin.202.
653 3695 679 3744 in
691 3695 933 3746 Northumberlend.

199 3765 210 3794 ²
225 3759 354 3833 Victoria]
363 3766 395 3813 E.
403 3761 629 3812 reads‘viotoriisss
688 3792 699 3826 τ
710 3795 750 3846 Ab
761 3799 840 3846 eodem
848 3791 986 3864 germem]
997 3795 1031 3847 A.
1044 3798 1073 3848 S.
1082 3799 1120 3848 D.

199 3835 375 3898 8Terrenum]
399 3835 429 3883 S.
448 3833 482 3882 D.
505 3833 556 3893 E.;
580 3836 629 3880 ter·
655 3869 688 3916 E·
700 3868 748 3928 ω
764 3883 781 3916 a
792 3869 866 3917 beato
874 3866 1011 3929 Germano,
1024 3869 1055 3918 C.

164 3923 245 3968 reum,
255 3907 289 3956 Α.
303 3907 333 3954 C.
345 3906 376 3954 L·

201 3975 280 4040 ⁴Et.]
305 3977 334 4025 S.
355 3977 384 4024 C.
402 3973 437 4024 D.
456 3973 505 4031 E.;
526 3969 631 4020 omitted
692 3966 786 4018 ⁸Nane
797 3967 947 4018 Dunelmi..
962 3967 1069 4034 ‚aiant.]
1081 3969 1118 4020 St.

167 4049 193 4096 in
204 4047 238 4097 A.
249 4049 281 4097 L.
657 4039 781 4088 cuthbert
791 4040 813 4087 is
824 4039 985 4100 represented
1001 4053 1029 4086 as
1047 4039 1120 4088 hold·

202 4115 213 4144 ³
227 4119 296 4166 Teste
307 4113 387 4164 couci
398 4112 536 4174 historica]
549 4110 632 4173 Beda,
656 4110 701 4171 ing
719 4110 761 4158 the
777 4109 843 4158 head
860 4108 889 4156 of
905 4108 1024 4158 Osuunld
1040 4109 1066 4158 in
1080 4109 1121 4158 his

165 4189 210 4238 lib.
224 4201 264 4238 111.
276 4202 299 4236 c.
312 4190 336 4234 6.
658 4193 733 4229 arms.
752 4178 870 4245 (Sharpe,
881 4178 935 4238 63.)
