2858 4890
180 1758 276 1798 Aeeount
283 1760 307 1799 oi

180 1810 264 1849 Alcuin.

342 359 387 428 94
568 380 682 429 unsre
706 381 831 429 nnoun
858 381 1068 430 1110101011.
1164 369 1249 449 [nin.
1268 384 1292 430 1.

343 543 379 601 et
394 538 559 603 educatus
581 537 726 617 fueram,
754 545 790 603 et
814 545 980 620 praeesset
1005 529 1175 604 thesauris
1200 542 1293 624 sapi-

342 639 446 701 entiae
460 638 497 701 in
519 639 643 721 quibus
663 659 718 701 me
733 630 915 719 ¹magister
936 658 1032 702 meus
1054 639 1199 704 dilectus
1222 641 1294 723 Eg-

342 738 461 800 bertus
485 738 761 821 archiepiscopus
784 737 954 801 haeredem
980 738 1142 820 reliquit.'
1203 739 1293 804 Item

343 829 495 900 ²Karolo
508 835 690 919 Augusto:
714 837 829 901 ‘Date
837 837 921 901 mihi
929 838 1171 919 exquisitiores
1182 841 1295 903 erudi-

343 937 447 1000 tionis
470 936 686 1000 scholasticae
708 936 855 1013 libellos,
871 937 990 1018 quales
1004 939 1041 1000 in
1055 939 1170 1020 patria
1188 938 1293 1002 habui

342 1056 404 1117 per
425 1037 551 1099 honam
565 1043 601 1099 et
612 1034 870 1100 devotissimam
892 1036 1049 1118 magistri
1070 1038 1137 1100 mei
1151 1036 1294 1119 Egberti

342 1135 591 1218 archiepiscopi
603 1135 819 1200 industriam.
871 1134 929 1213 Et,
943 1137 972 1199 si
987 1136 1102 1218 placet
1112 1137 1293 1219 sapientiae

342 1242 480 1310 vestrae,
505 1235 677 1299 remittam
701 1235 835 1316 aliquos
862 1253 906 1298 ex
931 1235 1047 1318 pueris
1070 1237 1210 1313 nustria,
1233 1239 1293 1319 qui

342 1334 518 1416 excipiant
541 1334 622 1398 inde
648 1353 795 1417 quaeque
828 1335 1033 1412 necessaria,
1063 1342 1099 1399 et
1125 1336 1293 1401 revehant

342 1434 378 1496 in
394 1433 576 1497 Franciam
590 1434 692 1498 flores
707 1434 911 1510 Britanniae,
927 1441 962 1498 et
978 1455 1047 1497 non
1069 1435 1115 1498 sit
1137 1443 1291 1500 tantum·

341 1533 443 1597 modo
465 1534 501 1595 in
525 1533 682 1597 Eboraca
703 1533 824 1597 hortus
839 1534 1034 1611 conclusus,
1056 1535 1117 1598 sed
1138 1536 1242 1599 etiam
1256 1537 1293 1599 in

342 1633 516 1698 Turonica
532 1634 731 1696 emissiones
745 1632 920 1714 paradisi’

393 1732 479 1816 §66.
505 1731 575 1797 Hic
590 1739 643 1796 est
660 1730 839 1796 Alcwinus
855 1733 927 1814 qui,
949 1739 989 1795 nt
1011 1732 1097 1810 dixi,
1117 1752 1180 1814 pro
1205 1753 1292 1815 pace

342 1831 526 1895 Franciam
547 1831 685 1909 missus,
708 1832 756 1894 ibi
778 1830 869 1914 apud
894 1830 1076 1908 Karolnm,
1099 1851 1160 1895 seu
1190 1840 1291 1896 terrae

340 1932 541 1995 amoenitate
556 1951 618 1994 seu
642 1931 733 2012 regis
756 1929 971 1994 humanitate
994 1937 1130 2013 captus,
1144 1933 1291 2012 resedit3

340 2031 525 2113 magnique
539 2031 630 2113 apud
646 2050 723 2094 eum
737 2029 875 2093 habitus
889 2030 1101 2112 imperialem
1124 2031 1288 2109 animum,

339 2137 508 2210 quantum
531 2131 575 2193 ab
597 2130 718 2193 aulicis
740 2130 836 2213 curis¹
853 2131 1012 2206 vacabat,
1032 2129 1225 2207 dialectica,
1253 2141 1289 2195 et

339 2228 523 2306 rhetorica,
538 2236 573 2293 et
595 2229 699 2293 etiam
724 2228 935 2292 astronomia
957 2229 1063 2310 probe
1086 2233 1290 2311 composuit.

340 2328 427 2392 Erat
451 2330 542 2392 enim
565 2329 715 2392 omnium
742 2326 949 2409 Anglorum,
965 2347 1052 2409 quos
1079 2328 1218 2410 quidem
1239 2331 1289 2394 le-

339 2427 461 2509 gerim,
479 2435 559 2511 post
578 2429 717 2491 beatum
734 2426 928 2490 Aldelmum
946 2434 981 2490 et
1002 2427 1145 2505 Bedam,
1161 2428 1290 2493 doctis-

338 2529 459 2603 simuS,
474 2528 659 2611 multisque
675 2527 772 2590 libris
790 2528 920 2608 ingenii
937 2527 1126 2609 periculum
1141 2520 1251 2593 ³iecit.

391 2626 480 2709 §67.
507 2627 611 2704 Sane,
637 2627 801 2709 quoniam
826 2626 870 2689 ad
894 2626 929 2688 id
954 2627 1108 2690 locorum
1132 2629 1290 2692 venimus

374 2825 519 2889 ¹Mogieter
540 2841 607 2876 meas
627 2826 731 2875 dilectae
749 2827 802 2888 Eg·
862 2823 976 2875 ²Karolo
992 2825 1128 2890 Argeata]
1157 2828 1215 2877 Alc.
1238 2830 1291 2892 Op.

338 2897 422 2947 bertus
432 2891 645 2963 archiepiscopus]
663 2897 744 2944 There
755 2895 802 2944 has
827 2897 1281 2958 10111.1.101.1.ρ.51.00111.1111111111.

339 2968 403 3016 been
414 2982 482 3017 some
494 2968 573 3016 doubt
587 2966 725 3028 expressed
736 2981 765 3015 as
776 2970 802 3014 to
864 2964 875 2994 ³
885 2966 979 3029 Fecit]
990 2965 1091 3016 A.E.L.
1102 2982 1109 3026 3
1120 2966 1186 3015 aiter
1195 2967 1291 3032 ‘fecit'

339 3037 424 3087 which
435 3037 463 3086 of
477 3035 593 3086 Alonin’s
610 3042 715 3085 masters
732 3037 755 3085 is
766 3036 801 3084 al·
829 3036 858 3085 S.
873 3037 902 3086 C.
914 3038 953 3085 M.
964 3035 1026 3085 read
1037 3036 1045 3064 ‘
1057 3037 1133 3086 ,lacet
1143 3037 1170 3085 in
1181 3037 1291 3089 Francia

339 3107 418 3156 luded
436 3112 462 3156 10
480 3108 507 3154 in
524 3106 574 3155 this
590 3107 672 3156 letter.
708 3106 803 3155 Alonin
827 3107 897 3167 apud
915 3107 1036 3155 Sanctum
1053 3105 1165 3154 Paulum
1184 3107 1217 3156 de
1228 3108 1291 3157 Cor·

339 3177 442 3225 studied
452 3176 534 3225 under
544 3176 603 3224 both
612 3175 740 3236 Ecgberht
751 3175 802 3223 and
827 3177 931 3237 marico,
941 3176 1010 3236 quod
1024 3177 1168 3224 coenobium
1178 3176 1291 3228 Karolue

335 3247 380 3294 his
392 3259 523 3295 successor
533 3244 707 3305 Aethelberht,
718 3258 748 3293 as
759 3244 801 3293 the
827 3260 933 3307 magnus
944 3247 1001 3307 ejus
1011 3245 1117 3296 consilio
1133 3249 1290 3310 oomtruxit3

340 3313 802 3375 101101011111110111110111110111101-
827 3315 894 3363 unde
916 3315 1042 3376 hodieque
1069 3319 1180 3375 quatuor
1205 3330 1291 3366 mona·

334 3389 375 3446 to,
391 3389 428 3434 a0.
444 3388 503 3444 766,
517 3387 547 3431 la
559 3383 608 3432 cal.
620 3384 803 3446 Βο0.111011110,
827 3384 930 3433 chorum
940 3385 1023 3433 victus
1035 3388 1060 3432 01
1070 3388 1146 3446 potus
1156 3399 1203 3446 pro
1219 3386 1290 3448 ejus·

341 3451 468 3503 Alcuinns
484 3453 569 3501 divino
585 3467 688 3501 munere
699 3453 801 3502 Elcber-
826 3454 883 3503 dem
902 3455 1007 3504 Alcuini
1028 3455 1113 3505 anima
1134 3455 1290 3516 quotidianae

339 3527 393 3572 tum
411 3537 456 3573 sen
475 3523 623 3571 helbertum
641 3523 697 3571 loco
715 3524 801 3572 amissi
825 3523 933 3573 infertur
960 3525 1119 3574 eleemosina
1146 3525 1173 3572 in
1200 3525 1290 3574 eadem

338 3592 801 3656 111031111111111100011113Μο11110111111·)1
826 3594 953 3643 ecclesia.’
993 3593 1046 3642 The
1068 3607 1178 3655 passage
1200 3608 1290 3645 occurs

337 3663 398 3712 here
409 3664 460 3712 and
470 3663 608 3711 elsewhere
616 3663 679 3711 calls
689 3662 741 3711 him
750 3663 802 3725 Eg·
826 3663 852 3710 in
871 3664 913 3712 the
932 3664 1030 3725 margin
1049 3663 1075 3712 in
1092 3663 1127 3712 D.
1144 3664 1244 3712 written
1262 3666 1290 3713 in

336 3732 752 3795 bertus,andidenritieshimmth
759 3733 801 3782 the
825 3732 868 3782 the
886 3748 955 3783 same
973 3733 1050 3782 hand.
1094 3733 1167 3782 Some
1185 3734 1290 3784 authors

338 3803 489 3864 archbishop
500 3802 558 3850 who
575 3803 693 3852 obtained
709 3803 801 3852 111010-
826 3802 904 3851 affirm
919 3803 974 3851 that
985 3803 1080 3852 Alcuin
1090 3817 1146 3852 was
1161 3803 1251 3853 buried
1262 3805 1290 3853 in

332 3873 493 3922 ι110111101101
500 3872 543 3920 the
549 3872 749 3933 archiepiscope]
757 3887 800 3922 100
824 3872 867 3921 the
878 3873 960 3934 abbey
970 3872 1000 3922 ot*
1006 3872 1043 3924 St.
1056 3872 1152 3921 Martin
1159 3873 1192 3921 de
1199 3873 1291 3938 Tours,

338 3943 365 3991 in
382 3947 440 3993 715.
484 3942 537 3990 The
557 3942 690 4003 similarity
709 3941 739 3990 of
757 3941 800 3991 the
824 3942 909 3991 where
925 3942 958 3991 he
974 3941 1035 3991 died
1051 3942 1111 3991 18th
1122 3941 1207 4004 April,
1217 3942 1288 3994 Ab.

337 4027 433 4075 names,
448 4011 516 4060 often
532 4011 691 4061 consounded
707 4012 741 4072 by
757 4011 800 4061 the
825 4016 882 4060 8114.
918 4012 955 4061 St.
965 4011 1032 4060 Paul
1040 4012 1073 4060 de
1082 4011 1227 4061 cormarico
1233 4028 1289 4063 was

338 4083 452 4131 Norman
477 4082 581 4142 scribes,
603 4080 649 4130 has
676 4081 798 4144 probably
825 4081 1003 4130 acelltothat
1020 4082 1110 4143 abbey.
1146 4080 1289 4148 (Bouquet,

338 4151 698 4212 girenrisetothequestion.
825 4155 883 4201 tom.
895 4167 920 4201 v.
932 4166 959 4213 p.
970 4147 1041 4215 761.)
