2858 4890
346 391 414 458 244
563 405 681 455 onera
700 406 827 456 nnouu
851 406 1065 454 anononnu.
1158 389 1245 472 [mn.
1262 404 1304 454 11.

349 565 561 643 frithbriche,
584 565 737 643 forsteal,
760 566 823 643 tol,
848 565 915 628 and
940 572 1044 641 team,
1067 563 1118 628 ita
1138 563 1245 627 libere
1267 569 1305 627 et

350 667 466 750 quiete
488 667 578 731 sicut
600 685 665 748 ego
687 665 797 730 babeo
819 666 855 728 in
878 685 986 747 regno
1006 684 1094 728 meo.
1147 663 1305 728 Eandem

349 787 490 850 quoque
523 767 717 830 libertatem
742 773 777 829 et
801 772 1021 848 potestatem,
1050 782 1155 847 quam
1178 783 1244 846 ego
1267 763 1305 826 in

352 868 448 932 curia
477 887 554 930 mea
584 865 706 942 babeo,
737 873 808 929 tam
836 866 872 928 in
902 864 1106 928 dimittendo
1133 883 1239 947 quam
1268 862 1306 926 in

352 966 538 1050 puniendo,
560 966 596 1029 in
611 965 821 1048 quibuslibet
842 965 981 1028 omnino
1004 964 1153 1047 negotiis
1179 957 1305 1026 ¹abbas

353 1073 389 1130 et
410 1066 570 1130 monachi
591 1065 727 1148 praesati
754 1065 955 1129 monasterii
977 1065 1013 1128 in
1034 1083 1100 1128 sua
1121 1064 1219 1127 curia
1241 1062 1305 1126 ha-

353 1168 467 1230 beant.
519 1165 557 1229 si
579 1172 695 1229 autem
717 1165 823 1228 abbas
846 1165 902 1231 vel
928 1164 1116 1229 monachus
1142 1163 1309 1247 quislibet

353 1265 422 1330 loci
445 1264 538 1329 illius
561 1265 742 1343 latronem,
768 1265 828 1348 qui
854 1265 898 1328 ad
920 1265 1144 1347 suspendium
1174 1263 1231 1328 vel
1261 1262 1306 1326 ad

353 1357 533 1447 quodlibet
549 1365 670 1429 mortis
691 1365 882 1448 periculum
904 1364 1052 1442 ducitur,
1079 1363 1219 1428 obvium
1239 1362 1307 1440 ¹ha'·

355 1464 468 1528 buerit
490 1465 526 1527 in
548 1465 683 1542 itinere,
713 1464 864 1529 babeant
898 1466 1106 1546 potestatem
1139 1462 1308 1547 eripiendi

354 1585 434 1628 eum
454 1565 500 1627 ab
522 1565 714 1629 imminenti
741 1565 895 1647 periculo
924 1565 961 1629 in
984 1572 1060 1629 toto
1086 1583 1194 1645 regno
1216 1583 1305 1627 meo.

355 1664 530 1729 Confirmo
553 1664 657 1728 etiam
682 1672 718 1728 et
740 1666 924 1729 corroboro
947 1672 999 1742 ut,
1023 1665 1115 1747 quod
1137 1664 1307 1728 hactenus

356 1764 400 1827 ab
434 1765 594 1828 omnibus
635 1765 908 1829 antecessoribus
953 1765 1081 1828 nostris
1123 1764 1308 1846 diligenter

356 1864 577 1928 observatum
592 1872 656 1942 est,
671 1857 922 1929 ²Fontanensis
945 1866 1128 1947 episcopus
1151 1864 1207 1929 vel
1231 1863 1307 1947 ejus

356 1963 504 2027 ministri
529 1984 634 2046 super
648 1964 713 2028 boc
735 1963 981 2029 monasterium
1004 1965 1061 2029 vel
1086 1984 1190 2046 super
1203 1982 1308 2046 paro·

258 2126 263 2133 ,
357 2063 486 2127 chiales
515 2063 667 2148 ejusdem
689 2066 864 2142 ecclesiae,
881 2065 1053 2142 videlicet,
1077 2065 1183 2141 Stret,
1199 2063 1309 2127 Mire·

357 2162 463 2240 lincb,
499 2163 730 2248 Budecalege,
766 2165 941 2252 Sceappic,
977 2164 1083 2242 Sowi,
1112 2170 1174 2228 aut
1203 2183 1309 2247 super

355 2281 475 2327 earum
495 2264 659 2345 capellas,
681 2284 744 2329 nec
765 2264 869 2329 etiam
893 2284 998 2347 super
1015 2283 1074 2328 eas
1095 2283 1173 2347 quae
1197 2264 1235 2327 in
1256 2263 1310 2327 in-

356 2361 444 2426 sulis
464 2362 695 2442 continentur,
715 2365 857 2442 scilicet,
877 2364 1077 2442 Beocherie,
1096 2384 1175 2447 quae
1191 2363 1310 2428 Parva

359 2460 531 2527 Hibernia
552 2462 688 2541 dicitur,
705 2462 874 2542 Godenie,
897 2463 1108 2540 Mertinesie,
1134 2463 1310 2530 Patbene·

357 2563 475 2644 berge,
516 2562 714 2640 Edredesie,
752 2565 962 2642 Ferremere,
1001 2564 1132 2628 nullam
1169 2564 1311 2628 omnino

358 2669 566 2745 potestatem
588 2663 750 2742 habeant,
772 2665 839 2728 nisi
860 2671 997 2729 tantum
1020 2684 1098 2728 cum
1117 2665 1161 2728 ab
1185 2665 1311 2729 abbate

358 2781 466 2827 causa
488 2763 669 2828 dedicandi
694 2764 750 2829 vel
778 2764 959 2829 ordinandi
983 2764 1144 2829 advocati
1158 2764 1309 2844 fuerint3

359 2883 423 2926 nec
445 2883 563 2927 eorum
585 2865 805 2948 presbyteros
828 2865 872 2927 ad
887 2864 1057 2949 synodum
1077 2883 1175 2928 suam
1192 2865 1311 2930 velud

358 2962 548 3045 capitulum
572 2965 628 3029 vel
650 2963 694 3028 ad
718 2964 895 3047 quodlibet
916 2964 1082 3048 placitum
1105 2964 1312 3044 convocent,

359 3082 423 3126 nec
454 3065 498 3127 ab
535 3061 646 3129 officio
682 3062 800 3128 divino
836 3065 1062 3148 suspendant,
1097 3072 1133 3130 et
1169 3067 1311 3131 omnino

359 3162 493 3226 nullum
512 3163 572 3248 jus
594 3163 631 3228 in
655 3183 714 3228 eos
739 3183 901 3228 exercere
928 3173 1153 3248 praesnmant.
1206 3164 1312 3231 Mon·

359 3262 465 3327 acbos
488 3282 580 3340 suon,
603 3270 638 3328 et
652 3263 895 3347 praedictarum
918 3266 1140 3331 ecclesiarum
1155 3265 1312 3346 clericos,

358 3362 546 3426 secundnm
571 3364 749 3447 antiquam
772 3363 1026 3431 Glastoniensis
1050 3366 1204 3430 ecclesiae
1228 3386 1311 3432 con-

359 3461 587 3539 suetudinem,
610 3472 645 3528 et
668 3463 895 3546 apostolicam
919 3467 1172 3546 auctoritatem,
1197 3467 1311 3532 archi-

358 3561 518 3642 praesulis
532 3563 708 3627 Dunstani
722 3571 758 3628 et
777 3565 929 3628 omnium
951 3566 1190 3649 episcoporum
1212 3569 1314 3650 regni

359 3661 427 3725 mei
450 3680 606 3740 assensu,
630 3664 740 3750 abbas
753 3683 774 3727 a
788 3684 1004 3748 quocumque
1029 3666 1313 3748 comprovinciali

358 3761 521 3845 episcopo
546 3763 694 3828 voluerit
728 3763 880 3828 ordinari
910 3765 1038 3847 faciat3
1075 3766 1312 3832 dedicationes

357 3880 441 3926 vero
466 3880 597 3941 earum,
621 3863 651 3926 si
674 3863 718 3926 ab
748 3865 874 3929 abbate
898 3875 1043 3949 rogatus
1069 3865 1185 3944 fuerit,
1217 3867 1311 3932 Fon-

392 4153 517 4219 1aooasq
535 4157 583 4216 n.;
600 4157 714 4221 abbans,
726 4159 760 4208 n.
845 4122 1069 4259 shjpwffifss
1088 4128 1235 4193 omum]
1264 4130 1312 4180 nr.
