2858 4890
128 388 273 470 mu.11.]
353 405 466 453 cusin
489 405 619 453 nucum
642 405 857 453 nucnoauu.
1013 389 1078 454 311

128 564 260 629 aderat.
328 564 551 649 Quapropter
579 566 655 630 Deo
686 564 915 648 omnipotenti
945 565 1077 647 gratias

126 665 329 746 magnificas
369 666 487 743 reddo,
516 667 600 749 quia
633 667 749 731 omnia
782 685 861 749 quae
896 665 1075 729 desidera·

128 785 258 843 veram,
282 774 387 848 prout
409 773 524 830 mente
550 767 781 843 decreveram,
804 785 968 849 prospere
996 785 1075 847 per·

127 863 206 943 feci,
235 867 395 949 votisque
430 867 516 929 meis
545 868 588 931 ad
619 866 709 930 velle
744 867 909 930 satisfeci.
970 863 1076 929 Nunc

128 965 248 1048 itaque
271 966 317 1030 sit
337 973 457 1030 notum
485 967 568 1049 quia
587 967 655 1049 ipsi
679 967 755 1030 Deo
778 967 927 1050 supplex
950 965 1075 1030 devovi

128 1066 237 1129 vitam
262 1085 373 1130 meam
398 1087 420 1131 a
446 1066 549 1130 modo
571 1068 608 1131 in
633 1067 791 1132 omnibus
811 1066 1017 1151 justificare,
1040 1073 1076 1130 ct

129 1185 237 1248 regna
260 1167 345 1230 mihi
368 1167 506 1230 subdita
526 1167 743 1250 populosque
763 1167 860 1251 juste
886 1173 921 1230 et
942 1167 1000 1248 pie
1019 1185 1075 1230 re-

129 1285 222 1346 gere,
237 1285 443 1349 aequumque
452 1266 621 1352 judicium
643 1288 706 1350 per
720 1261 854 1331 ¹omnes
870 1267 1074 1346 observare;

129 1375 165 1430 et
188 1367 219 1430 si
242 1367 326 1450 quid
355 1388 419 1450 per
440 1387 526 1431 meae
548 1368 745 1452 juventutis
774 1367 1075 1449 intemperantiam

129 1474 191 1530 aut
213 1467 460 1549 negligentiam
481 1468 661 1546 hactonus,
682 1475 808 1551 praeter
829 1468 864 1533 id
884 1467 977 1551 quod
996 1467 1074 1551 jus·

130 1574 204 1631 tum
228 1574 316 1645 erat,
339 1576 455 1632 actum
476 1575 542 1646 est,
557 1575 670 1633 totum
692 1569 769 1632 Deo
790 1569 984 1632 auxiliante
1004 1566 1075 1631 dis-

129 1687 221 1749 pono
248 1668 441 1733 emendare.
493 1668 626 1733 Iccirco
655 1670 822 1746 obtestor,
848 1676 884 1732 et
911 1666 1076 1750 praecipio

129 1769 215 1832 meis
237 1768 441 1833 consiliariis
455 1770 580 1852 quibus
596 1770 695 1850 regni
710 1769 854 1833 consilia
875 1767 1016 1843 credidi,
1033 1787 1075 1830 ne

130 1867 202 1931 ullo
228 1869 343 1946 modo,
366 1877 427 1934 aut
452 1877 593 1952 propter
614 1889 728 1932 meum
749 1870 907 1932 timorem
928 1873 990 1930 aut
1011 1867 1076 1930 ali·

131 1969 231 2053 cujus
253 1971 406 2051 potentis
429 1989 586 2053 personae
605 1970 771 2046 favorem,
792 1969 944 2051 aliquam
965 1967 1076 2051 injus-

130 2069 243 2133 titiam
259 2089 281 2133 a
302 2070 404 2134 modo
427 2071 657 2146 consentiant,
675 2070 731 2134 vel
748 2068 878 2133 saciant
892 2066 1077 2150 pullulare,
1143 2067 1146 2072 ’

130 2169 167 2233 in
193 2170 286 2234 omni
311 2190 419 2252 regno
448 2190 536 2234 meo.
588 2168 760 2252 Praecipio
790 2170 894 2232 etiam
919 2166 1078 2231 omnibus

130 2269 388 2334 vicecomitibus
411 2277 446 2334 et
467 2271 665 2355 praepositis
697 2269 850 2335 universi
878 2268 977 2350 regni
997 2268 1077 2345 mei,

132 2371 223 2435 sicut
244 2389 356 2433 meam
383 2371 507 2435 volunt
530 2371 656 2435 habere
681 2369 867 2434 amicitiam
891 2375 954 2432 aut
978 2388 1078 2432 suam

133 2471 292 2548 salutem,
314 2478 355 2534 ut
371 2471 458 2535 nulli
476 2471 618 2549 homini,
640 2490 703 2534 nec
717 2470 817 2535 diviti
836 2489 899 2533 nec
921 2469 1078 2552 pauperi,

133 2572 203 2634 vim
227 2570 394 2654 injustam
417 2571 589 2652 inferant3
612 2571 672 2635 sed
698 2571 868 2648 omnibuS,
882 2577 955 2632 tam
980 2569 1078 2633 nobi·

131 2671 222 2734 libus
245 2691 349 2754 quam
379 2672 601 2753 ignobilibus,
629 2671 676 2735 sit
703 2671 757 2734 fas
783 2670 883 2753 justa
909 2669 988 2750 lege
1015 2688 1079 2751 po·

132 2771 257 2849 tiundi,
282 2790 304 2834 a
326 2791 396 2856 qua
419 2792 482 2837 nec
504 2779 646 2855 propter
668 2771 823 2835 favorem
847 2769 993 2852 regium,
1014 2787 1079 2832 nec

133 2880 275 2956 propter
295 2873 443 2956 alicujus
464 2873 615 2955 potentis
637 2889 831 2954 personam,
854 2890 917 2934 nec
937 2876 1080 2953 propter

133 2973 218 3037 mihi
247 2972 500 3054 congerendam
530 2973 723 3055 pecuniam,
755 2971 827 3035 ullo
852 2971 954 3035 modo
984 2969 1079 3034 devi-

134 3081 206 3152 ent,
237 3074 320 3155 quia
348 3073 444 3136 nulla
473 3073 557 3137 mibi
586 3072 775 3137 necessitas
805 3079 859 3137 est
892 3078 931 3135 ut
960 3071 1080 3152 iniqua

135 3175 317 3237 exactione
346 3175 493 3256 pecunia
522 3173 607 3237 mibi
637 3178 855 3254 congeratur.
906 3170 983 3252 Ego
1011 3170 1079 3233 ita·

135 3292 202 3356 que
230 3281 350 3338 notum
379 3275 478 3339 vobis
509 3274 583 3337 fieri
612 3273 703 3350 volo,
735 3272 838 3356 quod,
869 3270 989 3335 eadem
1021 3270 1082 3333 via

135 3393 206 3456 qua
227 3373 320 3438 exivi
346 3375 556 3456 regrediens,
579 3371 871 3438 Danemarchiam
891 3370 994 3447 vado,
1017 3388 1080 3452 pa·

135 3494 210 3539 cem
233 3482 268 3539 et
292 3474 429 3538 firmum
453 3482 606 3558 pactum,
629 3473 781 3537 omnium
797 3472 978 3536 Danorum
999 3490 1082 3534 cou-

134 3574 225 3653 silio,
250 3577 503 3659 compositurus
532 3594 611 3642 cum
639 3575 689 3638 eis
721 3573 882 3654 gentibus
911 3591 990 3655 quae
1019 3589 1083 3634 nos

136 3682 172 3739 et
193 3675 268 3739 vita
292 3683 328 3740 et
350 3696 458 3758 regno
480 3677 630 3760 privare,
657 3674 687 3738 si
715 3675 765 3738 eis
791 3679 882 3736 esset
907 3671 1083 3755 possibile,

136 3776 322 3856 volebant;
357 3775 418 3840 sed
442 3795 511 3840 non
536 3782 737 3859 potuerunt,
761 3774 839 3838 Deo
861 3771 992 3836 scilicet
1015 3771 1085 3835 vir·

137 3882 247 3940 tutem
281 3895 399 3940 eorum
432 3877 643 3952 destruente,
673 3874 733 3958 qui
766 3893 830 3937 nos
863 3890 927 3936 sua
962 3870 1085 3952 benig·

136 3975 246 4042 nitate
278 3978 315 4040 in
341 3997 449 4059 regno
480 3976 668 4041 ethonore
697 3979 889 4049 conservet,
919 3971 1086 4035 omnium·

151 4126 1094 4152 ......-...-—---—-—-——-—---

351 4213 358 4243 ¹
375 4215 484 4278 Omma]
501 4215 531 4264 0.
543 4214 579 4264 D.
591 4214 640 4276 E.;
656 4212 750 4274 omnia,
760 4210 793 4263 A.
806 4210 836 4261 S.
848 4211 880 4260 L.
