2858 4890
134 417 200 464 cru.
219 399 275 480 11.]
359 414 473 462 onsrn
497 413 624 462 nnouu
648 412 864 464 Ancuonuu.
1020 402 1086 467 315

184 573 202 657 ᾗ
219 571 295 637 185.
319 565 545 654 ‘¹Regnante
565 571 601 634 in
620 579 826 655 perpetuum
844 572 1009 651 Domino,
1026 573 1086 656 qui
1098 599 1240 640 cunr-erar-

134 692 198 736 sua
218 673 384 737 ineffabili
405 673 562 755 potentia
587 672 703 735 omnia
721 673 873 756 disponit
896 680 1001 756 atque
1023 653 1235 755 gniiliir‘ii'*

134 775 269 851 bernat,
292 774 454 855 vicesque
487 778 681 854 temporum
709 773 955 856 hominumque
983 774 1087 838 mira-

134 875 250 938 biliter
271 874 482 948 discernenS,
510 872 764 956 terminumque
789 874 959 938 incertum
983 882 1089 957 prout

135 974 212 1039 vult
237 974 479 1056 aequanimiter
500 972 692 1054 imponens,
725 981 760 1037 et
783 973 826 1037 de
854 975 996 1038 secretis
1024 995 1088 1039 na-

135 1081 224 1137 turae
249 1074 423 1158 mysteriis
453 1072 719 1136 misericorditer
741 1074 842 1138 docet
864 1082 904 1139 ut
927 1075 970 1139 de
996 1075 1088 1157 sugi-

136 1175 219 1238 tivis
232 1181 268 1238 et
282 1175 355 1237 sine
370 1173 475 1237 dubio
489 1173 698 1236 transitoriis
712 1193 877 1238 mansura
894 1194 1003 1258 regna
1020 1176 1088 1239 Dei

136 1274 301 1356 suffragio
338 1273 562 1357 adipiscenda
599 1281 689 1337 sunt.
764 1273 987 1358 Quapropter
1021 1296 1088 1358 ego

138 1374 233 1439 Cnut
253 1394 317 1438 rex
339 1373 546 1455 Anglorum,
569 1380 841 1456 caeterarumque
869 1376 1024 1456 gentium
1051 1377 1088 1439 in

138 1475 284 1538 circuitu
305 1474 564 1557 persistentium
586 1476 798 1555 gubernator
814 1482 849 1539 et
866 1483 991 1553 rector,
1008 1495 1087 1539 cum
1158 1467 1163 1476 '

138 1568 300 1639 ²consilio
323 1582 358 1639 et
380 1575 519 1638 decreto
549 1574 803 1657 archipraesulis
831 1577 941 1639 nostri
967 1576 1086 1640 Ethel-

139 1675 248 1753 nothi,
275 1675 447 1758 simulque
472 1682 673 1737 cunctorum
700 1675 769 1738 Dei
799 1676 1029 1754 sacerdotum,
1052 1685 1089 1742 et

138 1777 282 1840 consilio
295 1776 501 1859 optimatum
517 1793 682 1852 meorum,
699 1776 743 1838 ob
762 1794 913 1839 amorem
935 1777 1088 1841 coelestis

139 1876 249 1958 regui,
265 1870 318 1939 ³et
332 1875 582 1956 indulgentiam
599 1874 779 1938 criminum
796 1896 961 1954 meorum,
982 1884 1017 1941 et
1034 1898 1088 1941 re-

138 1977 352 2040 laxationem
381 1976 617 2059 peccaminum
642 1969 778 2040 ⁴sratris
810 1977 878 2039 mei
902 1977 994 2059 regis
1017 1978 1089 2041 Ed-

62 2134 64 2139 .
139 2078 270 2155 muudi,
299 2076 450 2140 concedo
477 2075 631 2139 ecclesiae
659 2083 790 2140 sanotae
816 2077 884 2140 Dei
910 2077 1089 2159 genitricis

46 2173 53 2182 '
140 2197 343 2260 semperque
372 2175 516 2258 virginis
546 2175 671 2240 Mariae
707 2175 901 2241 Glastoniae
936 2178 1020 2262 jura
1053 2186 1090 2243 et

139 2277 408 2340 consuetudines
423 2277 460 2339 iu
477 2276 570 2339 omni
581 2295 690 2358 regno
700 2297 790 2355 meo,
806 2285 841 2342 et
853 2298 971 2342 omnes
988 2279 1089 2342 soris-

139 2377 292 2441 sacturas
308 2378 460 2441 omnium
474 2384 645 2440 terrarum
659 2396 820 2458 suarum3
848 2384 883 2441 et
898 2379 969 2443 sint
985 2386 1087 2443 terrae

139 2478 214 2562 ejus
234 2477 300 2541 sibi
323 2478 440 2541 liberae
461 2483 497 2540 et
510 2477 635 2541 solutae
660 2478 704 2541 ab
726 2478 819 2541 omni
839 2478 1037 2561 calumpnia
1053 2487 1088 2544 et

138 2578 400 2660 inquietatione,
417 2577 521 2641 sicuti
536 2597 622 2641 meae
636 2578 720 2640 mihi
736 2578 918 2643 habentur.
955 2578 1088 2643 Verum

137 2679 222 2742 illud
238 2679 411 2762 praecipue
426 2698 473 2742 ex
488 2678 735 2760 omnipotentis
745 2677 874 2756 Patris,
891 2685 926 2742 et
942 2679 1035 2757 Filii,
1052 2687 1089 2744 et

139 2778 289 2861 Spiritus
312 2778 431 2843 Sancti
446 2778 667 2855 auctoritate,
692 2785 727 2841 et
749 2785 926 2860 perpetuae
941 2779 1087 2860 virginis
1126 2834 1130 2840 .

139 2879 380 2943 interdictione
414 2878 591 2960 prohibeo,
622 2885 659 2942 et
688 2878 858 2942 universis
890 2879 989 2961 regni
1018 2880 1090 2944 mei

139 2979 335 3062 praepositis
374 2986 409 3043 et
440 2978 645 3061 primatibus
674 2997 779 3061 super
809 2997 907 3041 suam
938 2979 1087 3043 salutem

139 3080 315 3162 praecipio,
329 3086 369 3143 ut
385 3079 502 3142 nullus
517 3078 656 3142 omuino
675 3077 772 3142 illam
787 3078 936 3142 insulam
956 3078 1087 3144 intrare

138 3179 278 3258 audeat,
304 3179 540 3263 cujuscunque
569 3178 698 3242 ordinis
728 3185 790 3242 aut
813 3179 993 3261 dignitatis
1019 3182 1086 3261 sit;

139 3280 200 3343 sed
223 3278 349 3356 omnia,
367 3287 440 3344 tam
462 3278 499 3342 in
521 3279 763 3343 ecclesiasticis
781 3298 884 3362 quam
901 3280 938 3343 in
952 3280 1089 3344 secula-

138 3380 232 3443 ribus
246 3380 370 3457 causis,
381 3379 620 3443 tantummodo
635 3380 770 3443 abbatis
779 3379 949 3463 judicium
958 3387 994 3444 et
1004 3400 1088 3444 con-

137 3487 263 3544 ventus
280 3487 478 3563 expectent,
491 3479 594 3544 sicuti
608 3479 878 3562 praedecessores
892 3481 961 3544 mei
979 3500 1087 3546 saux-

139 3589 240 3645 erunt
257 3588 292 3645 et
314 3580 504 3663 privilegiis
528 3579 832 3660 confirmaverunt,
855 3581 1088 3661 ChentwineS,

171 3865 346 3939 ¹Regooate.]
363 3871 426 3921 This
442 3870 542 3920 charter
559 3885 602 3921 oc-
661 3865 673 3896 ³
694 3871 731 3918 Et
752 3871 933 3933 indulgentiam
959 3873 1090 3923 caminam

137 3955 196 3990 oure
218 3944 245 3990 in
267 3943 387 3992 Malmes.
403 3943 493 4003 Antiq.
515 3942 601 3992 Glast.
626 3956 740 4001 meorum,
751 3945 776 3990 et
790 3938 987 4012 relaxationem]
1005 3944 1090 3994 Omit-
1144 3991 1147 3995 .

138 4012 210 4061 Ecol.
222 4013 272 4061 and
283 4015 306 4062 is
317 4012 418 4075 printed
433 4014 459 4061 iu
470 4012 547 4077 Gale,
559 4025 600 4063 111.
626 4013 670 4061 ted
681 4013 708 4059 in
721 4013 742 4060 C
753 4015 775 4061 l.

140 4097 167 4143 p.
180 4086 237 4132 323.
265 4095 268 4099 ·
661 4080 785 4131 ⁴Fratrio
803 4082 1089 4148 mireglsEdmuadi.]

173 4148 325 4215 lemnia]
347 4155 398 4216 Ε.;
418 4167 552 4218 consensu,
572 4153 601 4204 S.
627 4151 683 4201 ‘Sic
695 4153 761 4200 enim
773 4155 1090 4204 eumvoouresolitusiue·

141 4223 171 4272 C.
183 4223 218 4273 D.
627 4223 685 4273 rat!
698 4223 747 4272 See
758 4224 772 4286 ς
785 4227 842 4287 184,
852 4239 896 4287 pp.
910 4228 967 4289 313,
979 4229 1035 4275 314.
