2858 4890
140 396 282 476 mara]
370 413 483 461 casm
509 413 634 462 ancum
659 414 873 463 russonum,
1025 400 1091 464 275

138 568 229 649 legio
253 568 409 633 inaudita
430 571 551 634 mortis
574 572 798 653 excogitatio.
846 571 918 636 Cur
939 573 1029 636 enim
1052 593 1089 638 se

139 669 300 746 moriens,
324 677 363 734 ut
381 663 521 753 ¹postea
543 671 707 751 dicemuS,
730 673 992 738 excarnificaret
1014 675 1088 756 ipse

139 769 194 832 sui
218 770 371 852 corporis
388 771 579 835 horrendus
599 773 737 852 lanista,
760 775 826 838 nisi
846 775 927 838 novi
949 774 1088 839 sceleris

138 871 297 933 conscius
313 874 428 935 essetl
475 871 577 935 Unde
599 875 636 936 in
651 882 789 939 vetusto
804 875 979 938 volumine
996 875 1088 958 quod

137 971 174 1032 in
202 990 325 1034 manus
350 991 444 1035 meas
469 972 600 1050 incidit,
624 974 682 1036 ubi
706 977 857 1039 omnium
880 975 1096 1057 apostolico-

138 1090 213 1133 rum
236 1072 375 1135 nomina
396 1073 661 1142 continebantur
678 1076 824 1151 stanni,
841 1075 892 1138 ita
920 1077 1087 1158 scriptum

138 1171 228 1234 vidi:
253 1165 471 1249 ‘²Silvester,
496 1174 555 1255 qui
581 1181 616 1238 et
639 1173 841 1253 (letbertus
868 1194 977 1239 annos
1003 1196 1085 1259 qua·

139 1279 229 1348 tuor,
256 1292 406 1336 mensem
436 1292 554 1351 unum,
581 1272 653 1337 dies
681 1277 819 1342 decem:
854 1273 910 1338 hic
940 1277 1087 1358 turpiter

138 1372 245 1436 vitam
261 1391 360 1437 suam
374 1372 510 1438 finivit!

363 1566 410 1612 DE
433 1565 632 1613 DlSGlPULlS
655 1566 848 1612 GERBERTI.

182 1669 200 1754 §
217 1670 294 1735 168.
311 1671 501 1747 Gerbertus
520 1672 673 1738 Galliam
690 1674 895 1757 repatrians,
912 1675 1086 1758 publicas·

137 1789 203 1852 qne
226 1772 362 1837 scholas
385 1775 572 1857 professus,
598 1783 707 1839 artem
736 1775 926 1856 magisterii
955 1777 1084 1858 attigit.

139 1871 304 1937 Habebat
341 1875 641 1958 conphilosophos,
673 1883 708 1939 et
738 1876 930 1940 studiorum
961 1876 1085 1953 socioS,

137 1972 404 2038 Constantinum
429 1976 588 2040 abbatem
607 1975 807 2040 monasterii
830 1977 943 2040 sancti
966 1977 1084 2041 Maxi-

137 2074 231 2150 mini,
247 2075 339 2155 qnod
361 2084 414 2139 est
433 2076 540 2160 juxta
556 2075 764 2153 Aurelianis,
787 2076 831 2141 ad
856 2097 957 2159 quem
979 2076 1086 2140 edidit

140 2166 295 2255 ³regulas
324 2175 367 2239 de
394 2178 524 2241 abaco:
553 2175 785 2242 Adelboldum
812 2178 1023 2260 episcopum,
1047 2184 1086 2242 ut

137 2273 268 2352 dicunt,
284 2275 623 2359 winteburgensem,
638 2278 698 2359 qui
713 2284 748 2342 et
763 2278 838 2360 ipse
859 2279 990 2361 ingenii
1011 2297 1085 2341 mo-

138 2375 291 2440 nimenta
320 2377 415 2441 dedit
439 2379 476 2441 in
503 2379 651 2461 epistola
680 2397 785 2460 quam
816 2378 899 2442 facit
928 2379 972 2442 ad
997 2378 1085 2443 Ger·

138 2475 273 2540 bertum
286 2470 347 2542 ⁴de
363 2479 555 2560 quaestione
567 2478 726 2543 diametri
738 2497 842 2561 super
857 2478 1085 2556 Macrobium,

136 2585 171 2640 et
196 2577 230 2640 in
260 2578 434 2642 nonnullis
457 2579 545 2643 aliis,
592 2579 729 2643 Habuit
750 2579 938 2661 discipulos
960 2579 1086 2662 praedi-

136 2677 257 2741 candae
287 2678 413 2743 indolis
446 2686 481 2743 et
509 2681 680 2763 prosapiae
719 2680 855 2756 nobilis,
893 2677 1086 2743 Robertum

136 2777 245 2841 filium
268 2778 430 2860 Hugonis
453 2788 681 2861 cognomento
705 2779 828 2862 Capet,
846 2779 996 2843 Otonem
1019 2780 1085 2843 fili-

136 2898 194 2940 um
223 2879 440 2961 imperatoris
468 2879 605 2944 Otonis.
661 2879 849 2957 Robertus,
872 2887 994 2963 postea
1023 2899 1086 2942 rex

138 2977 308 3057 Francia,
324 2981 491 3062 magistro
506 2981 617 3045 vicem
632 2980 791 3057 reddidit,
808 2987 843 3044 et
858 2980 1086 3063 archiepisco-

136 3230 409 3293 althoughadisbelief
413 3232 440 3279 in
447 3230 490 3281 the
501 3235 598 3294 reports
626 3245 691 3293 sum,
713 3231 872 3279 desideretur
889 3231 920 3278 de
937 3233 1007 3278 tanto
1022 3231 1086 3292 viro,

136 3302 166 3350 of
183 3301 265 3363 magic
287 3302 427 3351 attributed
446 3307 472 3350 to
489 3302 599 3352 Gerbert
624 3302 669 3363 qui
681 3317 696 3351 e
708 3301 793 3351 Gallis
809 3301 905 3364 primus
922 3301 1014 3349 summi
1025 3316 1086 3362 pon-

136 3387 166 3422 as
183 3372 225 3421 the
247 3387 333 3422 means
354 3374 389 3434 by
405 3373 490 3421 which
506 3373 538 3421 he
556 3387 598 3422 ac·
623 3373 734 3422 tificatus
745 3373 843 3432 apicem
854 3371 981 3421 obtinuit!

137 3443 227 3503 quired
249 3443 291 3492 the
319 3443 397 3504 papal
423 3443 495 3493 cheir
517 3443 599 3505 might
660 3437 1084 3511 'Posteodiremas.]§ll2,p.284.

136 3513 201 3562 have
217 3514 282 3562 been
298 3515 434 3577 expressed
452 3513 514 3562 with
531 3529 598 3562 more
659 3509 811 3574 2δὶῑυιῑεέιεν,
829 3513 872 3577 pai
893 3516 918 3561 et
943 3512 1085 3573 Gerbertaa

138 3588 255 3645 courtesy
265 3587 291 3633 to
302 3584 344 3633 the
356 3584 456 3647 author,
467 3584 525 3632 who
540 3599 599 3646 may
623 3599 698 3632 annos
709 3588 820 3647 quotuor,
831 3598 1023 3644 humamanam,
1033 3582 1086 3630 dier

136 3654 167 3702 be
184 3655 319 3714 presumed
330 3659 356 3703 to
367 3655 432 3704 have
451 3655 525 3703 acted
536 3654 599 3703 from
623 3654 724 3717 decem]
736 3653 770 3703 A.
779 3655 814 3705 D.
826 3656 881 3714 M.;
894 3653 1032 3712 lohannes,
1040 3653 1085 3712 qui

136 3739 153 3772 a
163 3725 254 3773 motivo
266 3725 363 3774 similar
372 3729 399 3773 to
408 3725 464 3774 that
479 3725 599 3786 assigned
624 3725 909 3785 etGerbertus,menses
917 3721 1085 3779 decem,S.G.

136 3795 171 3855 by
182 3795 224 3844 the
235 3796 338 3845 learned
350 3795 522 3846 editorashis
538 3811 599 3856 apo·
626 3796 657 3845 Ε.
677 3795 709 3844 F.
724 3796 757 3845 G.
770 3795 805 3844 K.
819 3795 850 3845 L.
884 3793 931 3842 See
950 3796 1008 3840 note
1024 3787 1044 3854 ²,
1058 3806 1085 3852 p.

136 3865 195 3928 logy
212 3866 251 3914 for
265 3867 404 3929 reprinting
421 3866 504 3915 them:
523 3866 532 3893 ‘
541 3866 598 3914 Hos
623 3868 681 3914 271.

137 3936 274 4000 fabulosos,
281 3941 315 3999 et,
323 3942 353 3986 ut
360 3938 397 3985 ita
407 3937 533 3996 dicamus,
544 3935 599 3984 dia·
659 3933 789 3996 ³Regutoa
799 3934 828 3982 de
836 3932 929 3995 abaca]
943 3931 990 3981 See
1001 3935 1059 3980 note
1067 3927 1087 3993 ³,

136 4007 232 4056 bolicos
244 4007 275 4056 de
287 4008 411 4058 Gerberto
427 4021 539 4056 rumores
556 4007 598 4055 hic
624 4021 650 4067 p.
662 4009 720 4054 2⁷3.

136 4078 312 4141 describimus,
334 4093 383 4127 non
405 4081 434 4126 ut
450 4078 550 4139 pondus
566 4078 599 4126 iis
660 4072 721 4124 ⁴De
738 4073 868 4137 quastione
885 4071 999 4121 diametri
1016 4085 1087 4133 saper

136 4149 240 4210 aliquod
257 4150 390 4212 addamus,
406 4149 452 4197 sed
469 4153 531 4198 uta
547 4148 598 4196 lec·
626 4145 800 4208 Macrobium]
819 4144 934 4193 Macrob.
953 4144 980 4192 in
1002 4141 1101 4191 Somn.⁴

134 4224 187 4268 tore
202 4219 275 4282 nihil,
298 4221 351 4270 sive
369 4234 454 4269 verum
477 4220 530 4268 sive
548 4217 598 4267 fal·
625 4217 695 4280 Scip.
707 4231 726 4267 1.
738 4220 779 4266 20.

903 4292 964 4349 ri
1034 4282 1037 4287 ⁴
