2858 4890
342 370 406 434 192
560 385 673 433 essm
697 385 824 433 nneuu
848 385 1063 433 suenorum.
1147 369 1233 449 [urs.
1250 385 1291 432 11.

342 544 468 609 Latino
494 543 686 608 ediscerent
712 563 879 608 sermone.
931 540 989 607 Ad
1017 561 1135 606 omnes
1164 542 1293 624 princi·

341 645 438 727 pales
461 645 559 708 sedes
583 645 708 708 librum
733 644 825 709 hunc
848 663 911 708 suo
929 643 1032 726 jussu
1057 644 1293 725 conscriptum

341 745 430 808 velle
453 745 700 830 transmittere,
726 764 804 807 cum
830 744 994 826 pugillari
1026 763 1131 807 aureo
1157 744 1193 805 in
1221 762 1292 825 quo

342 851 433 907 esset
448 864 572 908 manca
586 844 682 925 auri3
708 844 792 907 nihil
815 844 851 907 in
865 844 935 907 ista
952 843 1007 909 vel
1022 844 1100 907 aliis
1123 842 1292 925 interpre-

291 960 294 965 ·
341 945 532 1008 tationibus
554 963 600 1007 ex
622 964 685 1007 suo
709 943 834 1020 dicere,
854 943 915 1006 sed
938 943 1054 1007 omnia
1076 963 1098 1007 a
1120 945 1292 1026 spectabi-

341 1043 432 1107 libus
458 1044 542 1108 viris
567 1043 772 1108 Pleimundo
801 1043 1072 1126 archiepiscopo,
1105 1041 1294 1108 Asserione

342 1136 533 1226 ¹episcopo,
546 1143 747 1208 Grimbaldo
759 1143 822 1208 etJ
826 1143 961 1207 ohanne
968 1145 1193 1229 presbyteris),
1205 1143 1294 1208 hau-

341 1244 439 1307 sisse.
492 1244 686 1322 Postremo,
708 1251 749 1308 ut
770 1264 905 1307 omnem
922 1243 1031 1308 vitam
1052 1244 1127 1328 ejus
1142 1244 1294 1308 breviter

343 1344 521 1422 elucidem,
536 1345 661 1426 viginti
685 1352 834 1428 quatuor
856 1344 961 1408 horas
986 1364 1065 1427 quae
1088 1345 1178 1408 inter
1201 1344 1292 1407 diem

342 1450 378 1508 et
391 1452 527 1509 noctem
546 1444 678 1528 jugiter
696 1451 857 1509 rotantur
877 1444 929 1509 ita
947 1444 1134 1522 dividebat,
1157 1451 1197 1507 ut
1211 1452 1292 1508 octo

343 1544 446 1609 horas
461 1545 497 1608 in
518 1544 697 1608 scribendo
712 1553 748 1609 et
769 1545 917 1626 legendo
939 1550 975 1608 et
997 1544 1139 1622 orando,
1162 1551 1241 1608 octo
1255 1545 1293 1608 in

342 1664 426 1709 cura
440 1645 605 1727 corporis,
623 1653 701 1709 octo
720 1644 757 1708 in
782 1644 996 1727 expediendo
1017 1645 1116 1726 regni
1138 1645 1291 1726 negotia,

235 1822 238 1827 ,
341 1746 560 1827 transigeret.
613 1745 699 1810 Erat
719 1746 756 1810 in
776 1746 911 1828 capella
931 1764 996 1808 sua
1010 1745 1154 1808 candela
1168 1744 1294 1826 viginti

342 1853 492 1927 quatuor
502 1845 664 1927 partium,
676 1846 904 1928 aedituusque,
916 1847 972 1909 cui
983 1845 1057 1908 haec
1068 1845 1296 1927 delegabatur

342 1946 571 2026 providentia,
586 1956 626 2008 ut
640 1966 700 2028 per
715 1946 987 2010 combustionem
1004 1945 1156 2009 candelae
1175 1965 1294 2025 regem

343 2045 386 2108 de
400 2045 547 2127 singulis
567 2044 767 2109 admoneret
786 2044 917 2109 officiis
962 2039 1168 2110 ²Dimidiam
1182 2046 1292 2128 porti-

343 2164 444 2209 onem
460 2133 611 2208 omnium
629 2164 805 2223 censuum,
822 2146 920 2228 juste
943 2146 1117 2209 duntaxat
1139 2145 1293 2228 adquisi-

344 2251 469 2322 torum,
492 2246 708 2309 monasteriis
733 2247 805 2309 suis
828 2246 1021 2328 delegavit3
1045 2253 1188 2310 cunctos
1203 2265 1294 2328 prae-

343 2352 440 2408 terea
464 2345 617 2409 redditus
642 2345 678 2407 in
702 2365 820 2429 aequas
848 2346 934 2410 duas
959 2355 1076 2430 partes
1104 2346 1293 2411 dividebat.

342 2444 549 2527 Rursusque
562 2445 706 2527 primam
732 2447 768 2509 in
795 2454 877 2525 treS,
900 2467 1045 2530 quarum
1068 2448 1213 2529 primam
1228 2448 1293 2510 mi-

344 2545 462 2608 nistris
490 2546 562 2609 suis
592 2546 797 2626 curialibus3
828 2547 1014 2610 secundam
1043 2548 1295 2629 operatoribus,

343 2664 431 2726 quos
449 2645 583 2728 jugiter
603 2646 640 2709 in
662 2666 829 2710 novarum
850 2647 975 2710 aedium
990 2647 1295 2725 exstructionibus,

342 2744 491 2809 mirabili
506 2753 541 2810 et
555 2747 676 2828 ignoto
691 2744 817 2827 Anglis
834 2747 947 2824 modo,
962 2747 1132 2826 habebat;
1155 2749 1294 2812 tertiam

343 2846 498 2911 advenis.
563 2846 722 2911 Secunda
749 2866 830 2929 pars
857 2847 1052 2911 reddituum
1080 2847 1132 2910 ita
1160 2848 1292 2911 divide·

343 2946 446 3010 batur
458 2954 498 3010 ut
518 2946 629 3028 prima
641 2946 754 3029 portio
768 2947 909 3011 daretur
922 2947 1129 3030 pauperibus
1144 2948 1294 3029 regionis

343 3065 429 3126 suae,
467 3047 618 3111 secunda
653 3048 881 3124 monasteriis
918 3049 1023 3112 tertia
1065 3047 1294 3126 scholasticis,

344 3155 469 3230 quarta
483 3133 724 3213 transmarinis
738 3149 902 3214 ecclesiis.
939 3143 1172 3212 ³Judiciorum
1187 3168 1209 3212 a
1223 3149 1296 3213 suis

380 3399 540 3467 ¹Episcopo.]
559 3405 587 3453 S.
595 3407 627 3454 E.
637 3405 685 3466 L.;
709 3407 806 3455 archis·
831 3406 964 3468 churches,
981 3406 1102 3455 domestic
1121 3407 1171 3455 and
1189 3407 1295 3471 foreign.

344 3472 457 3535 piscopo,
469 3474 504 3522 D.
516 3475 671 3524 M.-Asser
681 3476 732 3524 had
743 3477 805 3525 been
832 3475 933 3543 (Asser,
944 3476 985 3526 De
996 3477 1061 3527 Reb,
1073 3477 1145 3527 Gest.
1157 3477 1295 3544 helfredi.)

344 3542 495 3604 archbishop
506 3544 535 3592 of
543 3545 580 3594 St.
591 3545 708 3595 David’s.
867 3547 878 3576 ³
887 3547 1044 3596 dedicionem
1054 3563 1070 3596 o
1080 3548 1132 3597 tuis
1144 3583 1151 3597 .
1161 3584 1183 3598 ..
1194 3583 1201 3598 .
1213 3563 1296 3613 oeper-

832 3616 910 3666 rimus
920 3618 1060 3682 correctam]
1072 3618 1104 3666 In
1111 3618 1153 3667 the
1165 3619 1259 3668 Mirror
1269 3622 1299 3670 of

380 3677 540 3733 ²Dimidtom
555 3685 689 3748 portionem
703 3684 808 3734 omnium
832 3688 942 3749 sustine,
953 3703 1011 3749 cap.
1023 3692 1048 3749 2,
1065 3688 1086 3736 it
1101 3689 1125 3737 is
1140 3689 1223 3738 stated
1239 3690 1295 3741 that

343 3753 479 3817 amenum]
496 3754 576 3804 Asser
587 3769 647 3816 says
657 3756 689 3804 he
700 3755 808 3804 devoted
833 3757 949 3819 Aellred,
959 3757 986 3806 in
997 3773 1044 3806 one
1054 3773 1125 3821 year,
1138 3759 1293 3811 condemned

344 3823 460 3872 one-hall
467 3824 496 3872 of
503 3825 544 3873 his
554 3827 651 3875 income
662 3827 670 3854 ‘
682 3830 707 3874 to
719 3826 778 3875 God
789 3825 808 3886 ;'
833 3831 859 3875 to
870 3828 902 3876 be
912 3828 1014 3890 hanged
1023 3843 1056 3876 no
1073 3828 1125 3878 less
1139 3828 1200 3879 than
1216 3830 1294 3894 sorty-

344 3893 430 3942 which
447 3899 505 3955 part
515 3910 570 3945 was
584 3895 734 3945 afterwards
745 3897 807 3944 sub·
833 3897 891 3945 four
906 3897 1008 3946 inferior
1019 3898 1115 3961 judges
1132 3900 1159 3948 in
1176 3899 1219 3949 the
1230 3902 1296 3951 hun·

344 3963 448 4013 divided
459 3965 498 4013 for
508 3966 551 4014 the
562 3981 633 4027 poor,
650 3967 687 4015 for
704 3966 745 4014 the
757 3970 808 4014 two
834 3968 896 4016 dred
915 3969 965 4016 and
983 3973 1076 4030 county
1087 3973 1172 4018 courts
1182 3970 1221 4020 for
1231 3971 1295 4023 false

344 4036 508 4084 monasteries
519 4035 603 4084 which
614 4036 645 4083 he
656 4036 708 4084 had
719 4035 808 4084 found·
829 4037 987 4100 judgments,
1010 4040 1091 4089 either
1111 4041 1138 4089 in
1162 4041 1295 4092 condemn-

344 4103 386 4164 ed,
396 4103 439 4153 the
450 4105 535 4155 school
546 4105 577 4154 he
586 4106 635 4154 had
645 4106 810 4167 established,
833 4109 877 4169 ing
888 4123 916 4156 or
927 4109 1130 4172 acquittingmen
1137 4111 1245 4163 without
1253 4115 1295 4164 the

344 4174 395 4221 and
417 4174 455 4222 for
476 4176 548 4224 other
574 4177 736 4226 monasteries
758 4177 808 4224 aud
834 4178 930 4227 verdict
941 4179 970 4228 of
977 4194 992 4228 a
999 4182 1069 4241 jury.
