2858 4890
159 361 287 443 mn.1.]
383 377 496 425 susm
521 377 648 427 rreum
673 380 888 428 suetonum.
1066 365 1111 429 89

158 541 199 597 ut
215 533 362 598 serviret
385 533 481 598 vitiis
503 534 564 615 qui
588 534 756 597 medullas
781 535 920 599 intimas
943 533 1109 614 hauriret,
1123 558 1250 599 omia

159 634 323 716 quitotas
331 634 562 715 cogitationes
571 642 800 712 consumeret,
808 636 844 697 in
854 635 1109 718 Scripturarum
1123 609 1189 648 Μ

160 734 462 816 expositionibus?
521 733 626 810 Nam,
652 741 691 797 ut
715 736 790 816 ipse
811 734 941 798 fatetur
957 728 1008 797 ¹in
1021 736 1110 800 libro

159 833 264 897 tertio
284 852 389 916 super
407 832 614 910 Samuelem,
636 834 872 915 expositiones
890 854 975 911 suae,
992 836 1023 897 si
1035 856 1110 921 ‘non

158 931 255 996 aliud
272 932 435 996 afferrent
456 933 643 996 lectoribus
666 933 945 1011 emolumentum,
963 933 1028 998 boc
1043 937 1109 999 sibi

158 1051 229 1095 non
253 1031 471 1096 mediocriter
495 1033 663 1109 valerent,
689 1033 793 1114 quod,
815 1033 898 1096 dum
920 1034 993 1097 baec
1016 1037 1109 1098 omni

157 1130 277 1195 studio
294 1132 433 1214 agebat,
450 1132 620 1195 lubricum
642 1131 750 1195 seculi
772 1139 808 1195 et
831 1133 952 1196 inanes
975 1135 1109 1214 cogita·

159 1231 273 1294 tiones
284 1237 365 1313 post
380 1237 517 1313 tergum
531 1233 702 1313 ponebat:
720 1230 908 1295 defaecatus
923 1234 1043 1316 itaque
1057 1234 1110 1299 vi·

159 1330 220 1393 tiis
237 1331 377 1394 subibat
392 1331 428 1393 in
444 1332 610 1394 interiora
620 1331 819 1411 velaminis;
843 1352 920 1414 quae
936 1334 1030 1396 intus
1046 1353 1109 1397 ex·

159 1437 301 1512 ceperat
317 1431 445 1507 animo,
459 1430 553 1494 foras
570 1430 713 1494 efferens
727 1450 884 1495 sermone
899 1433 1083 1513 castigato.

211 1529 300 1612 §oo
324 1530 564 1593 Veruntamen
590 1530 697 1593 animi
720 1529 797 1612 ejus
819 1550 907 1613 pura
929 1533 1109 1610 sanctitas,

159 1636 197 1692 et
211 1636 333 1693 sancta
345 1631 492 1712 puritas,
512 1631 624 1711 magis
646 1624 818 1711 ²tcmpore
839 1631 955 1693 obitus
977 1625 1109 1695 ³excel·

159 1726 258 1808 lunt3
298 1729 469 1812 siquidem
504 1730 678 1794 continuis
708 1737 841 1811 septem
864 1730 1110 1794 ebdomadibus

159 1829 330 1893 stomachi
356 1827 595 1910 indignatione
620 1830 715 1894 cibos
741 1848 925 1907 nauseans,
947 1851 1110 1914 aegroque

159 1933 197 1990 et
220 1935 372 2009 angusto
397 1929 547 2011 suspirie
575 1928 719 1992 halitum
748 1928 941 2010 producens
964 1931 1050 1995 adeo
1071 1938 1111 1995 ut

159 2046 239 2090 eum
257 2027 521 2092 incommoditas
544 2029 635 2092 lecto
648 2036 892 2109 prosterneret,
910 2039 1110 2095 nontamen

158 2126 348 2191 literalium
361 2127 553 2191 studiorum
570 2127 692 2212 rejecit
709 2148 861 2210 operam.
900 2129 1002 2193 Totis
1019 2132 1110 2194 enim

159 2225 295 2305 diebus,
320 2235 447 2310 praeter
469 2227 621 2290 debitum
640 2226 843 2309 psalmodiae
871 2248 1029 2311 pensum,
1053 2249 1109 2294 as·

160 2327 270 2410 siduis
296 2327 340 2390 ad
372 2327 560 2408 discipulos
582 2327 800 2403 lectionibus,
827 2331 1110 2414 ruminandisque

161 2432 197 2489 et
222 2427 442 2491 absolvendis
467 2427 700 2506 quaestionum
725 2426 997 2507 difficultatibus,
1029 2450 1109 2511 gra-

161 2526 320 2591 vedinem
343 2525 552 2591 valetudinis
575 2527 744 2608 decipere,
773 2547 941 2610 suspensa
971 2530 1110 2593 interim

161 2627 385 2707 cogitatione,
403 2626 590 2690 nitebatur.
644 2627 873 2708 Evangelium
889 2648 1028 2711 quoque
1045 2628 1068 2693 J
1071 2650 1110 2694 o·

162 2723 298 2803 hannis,
325 2726 416 2807 quod
445 2723 648 2789 difficultate
673 2726 728 2789 sui
756 2732 888 2789 mentes
919 2727 1109 2809 legentium

161 2834 312 2902 exercet,
328 2826 381 2889 his
396 2825 529 2902 diebus,
544 2826 666 2906 lingua
682 2827 930 2906 interpretatus
947 2825 1109 2908 Anglica,

161 2924 405 2989 condescendit
429 2925 543 2987 minus
564 2925 705 2988 imbutis
725 2923 872 2995 Latina:
895 2925 1110 3008 subindeque

161 3026 324 3089 monebat
347 3024 547 3107 discipulos,
562 3025 692 3102 diccnS,
711 3024 879 3102 ‘Discite,
894 3025 1004 3102 filioli,
1027 3026 1109 3090 dum

163 3125 340 3189 vobiscum
360 3145 456 3205 sum;
485 3124 602 3188 nescio
626 3125 716 3187 enim
730 3124 895 3206 quamdiu
909 3126 1108 3204 subsistam,

161 3232 196 3289 et
219 3226 351 3307 sipost
379 3225 552 3288 modicum
580 3223 682 3287 tollat
709 3245 763 3288 me
787 3224 916 3289 Factor
939 3244 1048 3302 meus,
1073 3234 1110 3290 et

161 3331 356 3388 revertatur
378 3325 521 3406 spiritus
535 3342 631 3386 meus
645 3323 689 3386 ad
706 3344 784 3387 eum
808 3326 868 3408 qui
891 3326 985 3388 misit
998 3325 1110 3404 illum,

162 3429 197 3487 et
209 3424 246 3487 in
260 3425 349 3488 hanc
364 3424 472 3489 vitam
488 3425 607 3488 venire
624 3424 813 3503 concessit3
843 3425 901 3488 diu
919 3426 1006 3502 vixi,
1023 3427 1111 3489 bene

159 3523 335 3587 consuluit
350 3524 433 3586 mibi
449 3524 620 3588 Dominus
635 3543 731 3586 meus
747 3524 783 3586 in
798 3524 863 3587 hoc
878 3525 961 3588 vitae
972 3527 1110 3607 spatio:

161 3623 263 3705 cupio
275 3624 350 3707 jam
364 3624 508 3688 dissolvi
523 3630 558 3686 et
573 3641 648 3685 esse
665 3643 743 3686 cum
760 3622 922 3687 Christo?

195 3811 248 3862 ιῙη
264 3814 326 3863 libro
349 3813 422 3862 tertio
442 3829 514 3876 super
536 3814 623 3863 Sama·
682 3812 839 3879 ²Tempore.]
863 3816 897 3864 D.
910 3817 943 3864 Ε.
956 3817 1010 3875 Μ.;
1027 3817 1112 3876 proxi-

160 3884 239 3947 elent]
251 3884 304 3933 The
313 3885 445 3932 sentiment
452 3884 474 3932 is
485 3884 623 3945 expressed
648 3901 688 3934 mo
710 3889 831 3946 tempore,
852 3884 886 3935 A.
904 3887 934 3934 C.
954 3887 1002 3947 L.;
1031 3886 1112 3948 primo

161 3954 188 4002 in
198 3954 240 4002 the
251 3954 372 4016 prologus
383 3959 409 4002 to
420 3954 462 4002 the
476 3953 530 4002 first
547 3954 622 4015 book,
648 3960 770 4016 tempore,
783 3956 811 4005 S.

160 4025 354 4085 ‘Expositionis
368 4024 520 4086 Allegoricae
535 4025 562 4071 in
578 4024 622 4072 Sa-

161 4095 268 4144 muelem
279 4094 444 4155 prophetam,'
455 4110 481 4155 p.
493 4097 552 4154 208,
563 4098 621 4143 tom.
681 4091 856 4157 ³Excellunt.]
875 4096 904 4144 C.
913 4095 948 4145 D.
961 4096 994 4144 E.
1001 4110 1010 4156 3
1027 4096 1112 4144 excel-

162 4177 252 4214 111.-1v.
265 4165 344 4213 Bedae
357 4164 408 4226 Op.
424 4164 483 4212 Bas.
495 4167 568 4212 1563.
650 4163 708 4224 luit,
718 4163 752 4214 A.
766 4165 794 4214 S.
807 4164 838 4215 L.
