2858 4890
134 396 204 445 nm.
220 379 278 463 11.]
360 396 473 444 onsra
497 395 624 442 ancum
648 395 862 444 ancnonuu.
1020 384 1086 447 267

138 573 263 632 sorem,
285 562 360 618 erat
383 556 420 619 in
440 554 567 619 talibus
590 555 744 637 improbe
766 556 911 621 idoneus
928 557 1086 635 Edricus,

139 675 242 737 quem
256 675 319 718 rex
335 655 514 719 comitatui
538 655 746 720 Marciorum
768 656 992 739 praefecerat3
1015 657 1086 722 faex

140 754 317 818 hominum
341 762 377 818 et
398 754 545 818 dedecus
565 753 772 838 Anglorum,
796 755 990 838 flagitiosus
1012 757 1086 821 hel·

140 855 211 931 luo,
234 863 396 919 versutus
420 856 557 933 nebulo,
571 849 644 919 ¹cui
667 856 829 921 nobilitas
853 876 937 939 opes
963 877 1086 940 peper-

141 961 229 1031 erat,
244 948 382 1036 ²lingua
398 962 434 1018 et
449 954 595 1019 audacia
612 963 884 1037 comparaverat.
930 955 1001 1020 Hic
1016 958 1086 1022 dis·

141 1055 303 1119 simulare
326 1062 461 1132 cautuS,
484 1054 615 1138 fingere
639 1062 795 1138 paratus,
825 1055 970 1120 consilia
995 1058 1087 1139 regis

143 1162 182 1219 ut
208 1154 319 1218 fidelis
347 1156 551 1231 venabatur,
577 1161 617 1218 ut
646 1155 803 1237 proditor
830 1155 1086 1222 disseminabat.

143 1254 256 1337 Saepe,
268 1252 315 1318 ⁴ad
334 1255 451 1318 hostes
465 1255 591 1318 missus
614 1256 710 1337 pacis
732 1254 913 1333 mediator,
934 1276 1087 1340 pugnam

143 1352 310 1419 accendit.
364 1353 473 1438 Cujus
488 1353 633 1437 perfidia
646 1375 724 1424 cum
741 1356 861 1420 crebro
875 1355 979 1440 hujus
996 1358 1089 1439 regis

143 1463 309 1537 tempore,
333 1461 408 1519 tum
433 1455 489 1520 vel
519 1455 670 1518 maxime
702 1456 877 1538 sequentis
904 1458 1087 1540 apparuit:

143 1555 186 1619 de
213 1574 283 1638 qua
311 1556 483 1637 posterius
519 1555 642 1620 dicam.
711 1555 813 1621 Solus
849 1576 895 1620 ox
928 1557 1088 1621 omnibus

144 1675 257 1719 comes
280 1656 509 1720 Orientalium
532 1652 728 1736 Anglorum
753 1649 927 1719 ³Ulkillus
950 1664 985 1721 et
1005 1663 1089 1723 tunc
1100 1682 1155 1722 an.
1166 1685 1222 1722 1004.

144 1756 290 1838 impigre
305 1763 427 1822 contra
439 1756 618 1819 invasores
632 1755 779 1836 restitit3
802 1756 853 1819 ita
864 1763 915 1833 ut,
930 1757 1090 1839 quamvis

145 1877 270 1920 nomen
295 1857 451 1921 victoriae
483 1855 527 1920 ad
561 1844 680 1920 hostes
709 1857 947 1934 concessisset,
979 1858 1090 1923 multo

144 1957 224 2039 plus
247 1954 366 2020 afflicti
390 1957 450 2039 qui
476 1956 643 2032 vicerant,
663 1975 767 2038 quam
794 1956 854 2038 qui
873 1955 957 2021 victi
979 1965 1089 2036 erant,

146 2057 408 2121 aestimarentur.
462 2055 539 2120 Nec
570 2075 653 2120 sane
674 2057 788 2138 piguit
810 2057 977 2122 barbaros
999 2059 1090 2122 veri·

146 2163 253 2221 tatem
275 2155 444 2233 confiteri,
468 2175 546 2220 cum
569 2157 769 2221 multotiens
791 2156 886 2220 illam
908 2158 1090 2222 victoriam

144 2256 374 2338 deplorarent.
426 2256 474 2321 Et
495 2255 635 2320 emicuit
656 2257 828 2340 praecipue
849 2264 1090 2340 postmortem

146 2355 306 2420 Edelredi
321 2356 432 2420 virtus
447 2356 582 2420 comitis
597 2350 652 2420 4in
666 2357 726 2422 illo
740 2357 831 2422 bello
845 2357 938 2440 quod
953 2378 1089 2422 omnem
1101 2383 1156 2423 nn.
1167 2383 1223 2421 rore.

146 2455 265 2520 florem
286 2457 473 2538 provinciae
489 2456 676 2521 demessuit
691 2476 700 2537 3
723 2458 783 2521 ubi
806 2464 842 2521 et
859 2457 934 2541 ipse
953 2477 975 2522 a
990 2466 1090 2541 tergo

145 2557 411 2635 circumventus,
423 2557 505 2620 dum
515 2558 635 2623 cedere
648 2557 772 2640 pudori
788 2557 896 2635 ducit,
910 2558 1090 2622 audaciam

147 2656 220 2738 regi
235 2656 404 2737 sanguine
417 2657 552 2740 peperit
565 2677 640 2721 suo.
692 2657 759 2721 Sed
772 2658 847 2721 baec
858 2659 1089 2739 postmodum.
1118 2665 1123 2674 '

147 2756 245 2820 Tunc
257 2776 352 2833 vero,
364 2757 498 2838 nequid
513 2757 660 2821 miseriae
674 2758 749 2839 regi
760 2757 930 2822 Edelredo
943 2759 1090 2837 deesset,

146 2856 235 2920 fame
261 2876 323 2938 per
346 2862 457 2920 totam
482 2855 648 2938 Angliam
679 2856 924 2936 debacchante,
950 2857 1090 2940 vulgus,

144 2956 237 3037 quod
264 2956 355 3020 bello
384 2955 554 3038 reliquum
592 2962 678 3034 erat,
708 2959 928 3040 absumptum
963 2959 1090 3024 inedia.

148 3055 281 3120 Hostes
303 3055 389 3120 adeo
406 3056 513 3121 libere
526 3057 563 3120 in
577 3057 717 3139 regione
733 3059 962 3140 vagabantur,
977 3065 1016 3122 ut
1030 3079 1092 3142 per

146 3156 399 3240 quinquaginta
420 3156 529 3220 millia
541 3156 695 3241 praedam
709 3176 771 3239 per
784 3165 911 3221 terram
926 3156 970 3220 ad
984 3177 1092 3222 naves

146 3263 402 3333 convectarent,
426 3256 541 3320 nullas
564 3255 829 3341 provincialium
853 3257 997 3322 insidias
1022 3257 1092 3322 for·

143 3357 325 3421 midantes.
378 3355 448 3420 His
480 3356 581 3420 malis
606 3356 758 3440 undique
782 3358 911 3422 circum
934 3365 1092 3441 strepen-

144 3458 248 3536 tibus,
273 3476 392 3521 rursus
418 3457 600 3521 consilium
624 3457 849 3521 volutabatur
877 3465 917 3523 ut
947 3460 1093 3540 pecunia

143 3559 269 3622 bollum
300 3558 495 3637 levaretur3
537 3565 573 3622 et
609 3557 737 3622 factum
766 3565 841 3623 est:
882 3578 962 3622 nam
997 3560 1093 3641 prius

180 3782 188 3813 ¹
203 3785 252 3834 Gai
262 3783 398 3848 nobilitas]
412 3787 442 3834 G.
454 3786 487 3835 E.
500 3785 548 3845 L.;
563 3784 606 3833 cui
630 3787 720 3846 cester,
738 3785 788 3833 and
806 3786 890 3835 saxon
909 3786 1002 3837 chron.
1021 3787 1092 3838 nl).

143 3871 193 3906 non
203 3856 330 3917 nobilitas,
341 3854 374 3905 A.
388 3855 416 3904 S.
429 3855 463 3905 D.
630 3857 705 3904 1004.

179 3923 321 3989 magua]
341 3926 371 3974 C.
383 3925 416 3975 E.
431 3926 477 3985 1..;
496 3925 541 3974 sed
558 3925 607 3972 lin·
664 3922 719 3972 ⁴Ia
734 3924 776 3974 illo
796 3925 930 3987 belloquod
947 3925 1093 3990 omaemsto·

144 4011 204 4058 gua,
215 3996 250 4046 A.
263 3996 292 4045 S.
302 3996 337 4045 D.
629 4007 681 4041 rem
698 3996 828 4056 provincia
850 3994 1000 4058 demessuit]
1038 3996 1093 4044 'l'he

178 4061 335 4134 aUibilius]
359 4065 472 4127 Ull'cytel
490 4062 607 4112 defeated
631 4063 709 4112 battle
729 4064 818 4128 fought
839 4071 866 4114 at
885 4065 1045 4126 Ashingdon,
1066 4066 1093 4113 in

143 4137 185 4186 the
205 4138 293 4187 Danes
310 4151 371 4185 near
388 4134 517 4194 Thetford,
537 4133 607 4182 A.D.
633 4134 725 4196 Essex,
731 4135 816 4184 where
828 4135 941 4196 Ulfcytel
952 4149 1007 4185 was
1018 4135 1093 4197 elain,

145 4211 218 4258 1004.
263 4208 310 4258 See
334 4207 455 4256 Florence
484 4203 512 4253 of
534 4203 608 4252 Wor·
632 4202 702 4253 Aa).
715 4208 788 4256 1016.
