2858 4890
354 369 419 435 326
583 384 697 433 enses
720 383 847 431 uncuu
872 381 1086 429 suetonum.
1166 366 1252 446 [me.
1271 381 1312 427 11.

360 545 500 632 praediis
516 545 664 609 ditatum
682 542 948 626 permagnificis.
1001 542 1091 628 Ejus
1113 541 1183 606 loci
1200 542 1312 605 abbas

363 647 549 727 sexaginta
578 645 687 708 millia
715 644 921 708 bellatorum
949 642 1151 726 imperatori
1178 643 1312 725 praebet

364 749 401 812 in
427 747 574 822 hostem,
598 744 771 827 habetque
794 763 839 808 ex
862 744 1007 826 antiquo
1031 742 1253 826 privilegium
1270 749 1312 805 ut

365 848 401 910 in
418 845 695 929 praecellentibus
717 842 965 908 festivitatibus
988 843 1032 906 ad
1055 843 1214 906 dextram
1236 842 1314 926 ejus

365 946 554 1011 consideat.
593 943 665 1007 Hic
679 963 761 1026 ergo
778 943 951 1007 Henricus
970 942 1203 1007 Pentecosten
1219 941 1314 1025 apud

367 1040 600 1127 ¹Mogontiam
612 1044 819 1108 celebrabat.
851 1043 964 1106 Paulo
973 1050 1054 1106 ante
1067 1042 1223 1119 missam,
1233 1061 1314 1105 eum

367 1145 489 1209 sedilia
507 1151 714 1228 pararentur
736 1145 773 1207 in
795 1142 954 1220 ecclesia,
969 1143 1061 1206 inter
1083 1142 1315 1207 cubicularios

369 1244 618 1327 archiepiscopi
626 1251 662 1308 et
671 1244 805 1307 abbatis
809 1243 964 1327 jurgium
975 1242 1147 1324 agitatum
1156 1248 1315 1306 utrorum

368 1345 528 1409 dominus
538 1344 644 1428 juxta
657 1343 830 1408 Gaesarem
848 1342 983 1406 sederet
995 1362 1004 1423 3
1024 1341 1094 1406 illis
1108 1342 1315 1424 praerogati-

369 1464 449 1509 vam
461 1445 641 1521 antistitis,
657 1443 734 1507 istis
751 1444 902 1526 priscum
916 1435 1064 1506 ²morern
1074 1441 1315 1506 referentibus.

373 1544 441 1608 Ubi
457 1543 571 1609 verbis
589 1563 712 1627 parum
733 1543 778 1606 ad
802 1542 1020 1607 concordiam
1034 1542 1244 1624 proceditur,
1257 1539 1316 1628 (ut

370 1644 500 1709 habent
514 1642 693 1721 Germani,
718 1643 877 1726 idemque
899 1641 1087 1718 Teutones
1109 1641 1316 1706 indomitum

372 1740 555 1828 animum,)
572 1744 617 1806 ad
632 1762 786 1826 pugnam
799 1749 961 1808 ventum:
979 1743 1097 1824 itaque
1114 1761 1196 1824 pars
1213 1741 1317 1805 sudes

372 1844 535 1928 arripere,
564 1863 646 1925 pars
680 1863 769 1906 saxa
793 1842 923 1926 jacere,
950 1861 1032 1924 pars
1065 1860 1166 1905 enses
1195 1841 1315 1922 evagi-

371 1963 469 2021 nare,
490 1949 664 2026 postremo
689 1943 853 2025 quicquid
877 1944 1024 2025 primum
1043 1941 1096 2004 ira
1114 1940 1318 2018 invenisset,

371 2063 413 2108 eo
434 2063 498 2126 pro
515 2043 618 2106 armis
635 2041 707 2122 uti3
730 2043 780 2107 ita
801 2041 917 2106 surore
940 2062 1001 2125 per
1014 2041 1194 2105 ecclesiam
1218 2059 1318 2122 gras·

371 2151 482 2220 sante,
497 2143 733 2225 pavimentum
747 2142 916 2224 sanguine
933 2141 1128 2206 inundavit.
1160 2140 1229 2205 Sed
1244 2147 1317 2204 sta·

371 2243 434 2306 tim
456 2241 625 2326 episcopis
647 2241 912 2329 convolantibus
933 2260 1020 2324 pace
1040 2241 1132 2304 inter
1153 2241 1318 2323 reliquias

371 2341 611 2405 dissidentium
634 2348 781 2419 statuta,
805 2341 972 2425 templum
992 2348 1192 2424 purgatum,
1211 2340 1317 2404 missa

372 2441 506 2506 festivis
524 2441 731 2505 clamoribus
753 2449 844 2507 acta.
888 2441 975 2506 Cum
992 2460 1087 2519 vero,
1101 2441 1190 2504 mira
1206 2440 1316 2525 subji-

353 2565 355 2569 ’
373 2541 473 2618 ciam,
490 2542 672 2623 sequentia
688 2535 887 2619 ³cantitata,
903 2549 938 2606 et
954 2561 1068 2619 versu,
1080 2547 1091 2576 ‘
1104 2539 1212 2606 Hunc
1227 2540 1318 2605 diem

373 2641 562 2722 gloriosum
594 2641 728 2720 fecisti‚'
762 2641 858 2706 chori
887 2641 1147 2718 conticuissent,
1173 2661 1245 2705 vox
1273 2641 1317 2704 ab

374 2759 453 2804 aere
484 2741 585 2824 lapsa
616 2742 687 2805 late
715 2742 881 2819 insonuit,
920 2741 1056 2805 ‘Hunc
1089 2741 1180 2805 diem
1218 2741 1317 2804 belli-

374 2859 493 2904 cosum
516 2860 582 2923 ego
604 2841 693 2905 feci!
739 2841 950 2923 Rigentibus
967 2841 1115 2919 caeteriS,
1130 2842 1319 2923 imperator

374 2940 574 3022 diligentius
589 2940 771 3005 intendens
787 2941 933 3018 muneri,
950 2939 1177 3023 laetitiamque
1189 2940 1319 3004 intelli-

374 3058 460 3120 gens
487 3040 627 3117 inimici,
654 3040 756 3118 ‘Tu,'
782 3039 907 3123 inquit,
930 3041 1064 3104 ‘omnis
1091 3040 1233 3103 malitiae
1265 3041 1320 3103 in-

374 3146 498 3203 ventor
528 3139 630 3203 simul
664 3147 700 3203 et
736 3141 905 3216 incentor,
935 3140 1025 3203 diem
1053 3140 1252 3204 bellicosum
1284 3147 1320 3204 et

374 3240 615 3321 arrogantibus
637 3239 833 3303 luctuosum
855 3239 988 3319 fecisti3
1015 3240 1076 3303 sed
1094 3260 1158 3304 nos
1173 3259 1234 3321 per
1251 3239 1321 3303 Dei

374 3339 535 3419 gratiam,
561 3339 621 3421 qui
644 3338 743 3403 illum
771 3339 958 3421 gloriosum
989 3338 1084 3418 fecit,
1109 3339 1321 3421 pauperibus

374 3437 566 3519 gratiosum
597 3439 802 3502 reddemus!
852 3439 899 3504 Et
931 3458 1026 3516 mox,
1059 3439 1236 3521 reincepta
1265 3458 1321 3503 se-

374 3537 529 3618 quentia,
548 3537 693 3602 solemni
709 3539 848 3622 ploratu
870 3539 988 3602 Sancti
1005 3539 1154 3622 Spiritus
1171 3539 1322 3620 gratiam

374 3635 561 3717 invitabat3
576 3638 787 3720 intelligeres
803 3638 902 3702 illum
920 3639 1138 3717 adventasse,
1153 3638 1222 3703 illis
1237 3658 1322 3703 cun-

375 3737 542 3815 tantibus,
564 3738 641 3802 istis
665 3738 973 3824 lachrymantibus,
997 3741 1155 3803 omnibus
1180 3745 1324 3822 pectora

410 3957 419 3990 ¹
431 3961 605 4027 Mogentiana]
624 3965 652 4015 S.
665 3965 711 4028 L.;
730 3964 837 4027 Mogon-

374 4031 447 4092 tium,
458 4030 492 4081 A.
507 4034 536 4084 C.
549 4034 584 4083 D.
597 4035 630 4084 Ε.
895 4033 1063 4101 θΰαηίίἰαία]
1076 4039 1128 4101 Ε.,·
1142 4034 1325 4098 cantata,A.S.

408 4098 551 4166 ²Morem.]
577 4103 611 4155 A.
630 4104 658 4153 S.
677 4105 712 4154 D.
735 4106 766 4154 Ε.
787 4107 834 4166 L.;
862 4108 891 4155 C.
907 4107 939 4155 D.
951 4107 982 4158 L.

372 4185 472 4234 nomen,
482 4174 513 4222 C.
