2858 4890
344 368 410 434 126
567 385 685 434 essm
707 386 834 434 aneon
859 385 1074 434 successu.
1168 371 1255 452 [nm.
1272 387 1297 433 1.

344 544 513 628 nimisque
529 544 764 622 collaudastis,
786 545 889 609 sicuti
910 551 946 610 et
968 552 1022 610 est
1035 539 1297 609 videlicet›¹ela-

343 645 498 709 rissimus
522 653 628 728 atque
653 646 893 728 peritissimus,
919 652 955 709 et
978 644 1060 727 quia
1081 645 1178 709 illum
1202 646 1298 709 scitis

343 746 558 828 prudentem,
586 747 687 810 bonis
711 753 869 810 ornatum
894 746 1057 822 moribus,
1075 747 1151 810 Deo
1174 753 1210 810 et
1235 746 1297 810 ho·

343 845 492 911 minibus
515 847 679 929 dignum3
703 866 781 911 ecoe
805 846 873 933 (fili
895 845 1091 910 dulcissimo
1117 854 1152 910 ot
1176 865 1297 910 aman-

343 945 475 1011 tissime
499 954 605 1029 atque
629 947 928 1029 praestantissime,
950 965 1013 1010 rex
1038 943 1158 1031 bone,)
1180 946 1218 1009 in
1243 947 1297 1011 his

344 1046 413 1110 tuis
443 1047 691 1111 assertionibus
721 1047 957 1112 collaudamus
988 1047 1103 1111 Deum
1140 1047 1295 1130 omnipo·

343 1153 474 1211 tentem
499 1148 559 1231 qui
580 1149 686 1212 talem
699 1149 798 1212 vobis
818 1146 1070 1212 domonstravit
1092 1148 1295 1221 antistitem,

343 1247 414 1329 qui,
429 1249 519 1313 siout
533 1267 635 1314 verus
658 1257 790 1331 pastor,
803 1248 954 1313 indicere
970 1248 1083 1312 verbis
1106 1248 1295 1312 secundum

342 1347 534 1413 doctrinam
548 1356 747 1413 sanctarum
769 1349 1016 1431 scripturarum
1028 1347 1168 1430 dignam
1184 1349 1296 1431 poeni·

342 1449 487 1514 tentiam
500 1450 606 1527 valet,
627 1457 663 1514 et
676 1469 806 1526 eruere,
822 1450 882 1532 qui
904 1450 969 1513 sub
982 1449 1112 1513 ditione
1135 1450 1295 1514 sacerdo-

343 1549 406 1612 tali
419 1549 495 1634 ejus
509 1550 675 1627 existunt,
693 1550 827 1614 animas
850 1568 967 1614 eorum
978 1606 979 1610 ,
990 1569 1036 1615 ex
1056 1549 1189 1614 inferno
1208 1550 1295 1614 infe·

342 1648 444 1727 riore,
470 1663 506 1714 et
532 1652 576 1714 ab
602 1651 682 1732 igne
703 1649 960 1732 inextinguibili
982 1649 1153 1714 deducens
1178 1669 1237 1714 eos
1260 1659 1296 1716 et

342 1749 563 1816 infraducens
578 1751 615 1814 in
630 1757 768 1833 portum
791 1750 927 1828 salutis,
950 1758 986 1815 et
1004 1750 1125 1815 offerre
1139 1771 1202 1833 pro
1224 1751 1294 1815 illis

342 1849 492 1915 hostiam
504 1850 645 1933 dignam
654 1857 689 1915 et
699 1843 954 1916 immaculatam
962 1850 999 1914 in
1008 1857 1195 1933 conspectu
1204 1851 1292 1916 divi·

343 1969 398 2014 nae
414 1950 607 2035 majestatis
623 1949 850 2035 omnipotenti
865 1953 953 2015 Deo.
991 1952 1038 2015 Et
1052 1951 1135 2033 quia
1147 1951 1292 2015 multum

343 2051 443 2115 nobis
458 2053 727 2134 praenominatus
741 2052 1020 2135 archiepiscopus
1035 2052 1072 2115 in
1086 2053 1178 2116 omni
1192 2071 1293 2117 sano-

343 2150 445 2215 titate
471 2161 593 2218 suaet
617 2153 699 2218 vitae
726 2153 989 2218 conversatione
1015 2152 1108 2216 ultro
1138 2152 1295 2236 citroque

342 2251 485 2333 placuit,
499 2254 601 2318 valde
625 2253 727 2317 nimis
753 2254 784 2317 ei
806 2253 997 2330 credentes,
1020 2272 1066 2316 ex
1088 2254 1294 2318 auctoritate

343 2353 375 2415 ei
397 2354 491 2418 boati
519 2353 616 2419 Petri
641 2353 877 2437 apostolorum
905 2353 1083 2436 principis,
1112 2353 1212 2437 cujus
1237 2354 1293 2419 vel

340 2451 503 2519 immeriti
519 2454 614 2520 moos
631 2455 803 2537 gerimus
818 2453 923 2519 talem
937 2453 1147 2537 praebuimus
1161 2473 1293 2537 praesu·

340 2552 462 2632 latum,
483 2562 523 2619 ut
542 2555 573 2618 si
595 2555 766 2638 quispiam
789 2575 833 2618 ex
857 2553 1021 2639 subjectis
1047 2555 1131 2631 suis,
1146 2561 1218 2618 tam
1239 2575 1295 2619 re·

341 2654 442 2736 gibus
467 2662 503 2719 et
530 2655 741 2740 principibus
765 2674 937 2738 quamque
964 2655 1124 2721 universo
1153 2656 1294 2738 populo,

340 2762 577 2838 transgressus
591 2756 696 2821 fuerit
705 2754 888 2820 Dominica
901 2756 1077 2833 mandata,
1094 2775 1292 2820 excommu-

341 2857 433 2921 nicet
452 2878 531 2922 eum
545 2876 656 2939 usque
679 2857 861 2940 poeniteat,
881 2862 928 2934 et,
950 2855 981 2919 si
1001 2855 1224 2938 impoenitens
1238 2856 1292 2920 su-

339 2956 418 3036 erit,
440 2957 487 3022 sit
501 2959 599 3024 vobis
621 2959 712 3021 sicut
734 2957 890 3021 ethnicus
913 2963 949 3021 ct
971 2957 1184 3039 publicanus.
1237 2957 1293 3022 De

338 3077 422 3123 vero
437 3057 625 3123 Ethelardo
642 3057 716 3142 jam
735 3057 827 3122 sacto
845 3056 1102 3141 archiepiscopo
1118 3058 1294 3123 Dorover-

341 3159 458 3222 nensis
473 3158 639 3236 ecclesiae,
654 3158 744 3223 siout
767 3178 789 3222 a
809 3159 909 3223 nobis
925 3157 1085 3241 poposcit
1097 3165 1292 3223 vestrorum

339 3259 528 3341 praesulum
549 3258 768 3337 excellentia,
793 3265 833 3323 ut
857 3259 889 3322 ei
903 3257 1077 3343 justitiam
1102 3257 1292 3324 faceremus

337 3357 383 3422 de
403 3359 488 3442 ipsis
505 3359 711 3425 dioeoesibus
727 3359 811 3437 suis,
828 3366 901 3423 tam
917 3359 1156 3443 episcoporum
1171 3378 1293 3442 quam·

339 3479 407 3541 que
421 3461 719 3538 monasteriorum,
734 3461 859 3543 quibus
879 3458 1011 3539 illicito,
1027 3467 1066 3524 ut
1078 3479 1142 3525 vos
1163 3479 1293 3542 cogno·

339 3560 450 3638 vistis,
477 3561 674 3644 expoliatus
698 3568 764 3639 est,
786 3567 823 3625 et
849 3579 872 3624 a
892 3560 1080 3624 venerabili
1101 3559 1182 3624 sede
1204 3561 1292 3646 ejus,

338 3680 427 3744 quas
446 3661 575 3725 dudum
598 3661 722 3739 tenuit,
744 3661 870 3727 ablatae
894 3667 988 3739 sunt,
1008 3679 1084 3738 nos,
1099 3663 1293 3744 peremnia

338 3762 551 3827 enucleatius
565 3762 786 3847 trutinantes,
798 3763 836 3825 in
852 3781 951 3826 sacro
966 3761 1092 3826 scrinio
1106 3769 1226 3826 nostro
1236 3783 1291 3827 re·

337 3863 487 3948 perimus
501 3871 659 3928 sanctum
665 3861 884 3945 Gregorium,
898 3863 1187 3945 praedecessorem
1195 3855 1289 3927 ²uos·

373 4039 560 4092 ¹Cloriasimus
586 4047 657 4106 utque
678 4040 800 4105 peritissi-
860 4041 1029 4105 'Nostrum.]
1053 4041 1082 4090 S.
1102 4041 1132 4090 C.
1152 4041 1201 4100 E.;
1224 4040 1290 4090 aster

336 4111 409 4174 raca]
431 4114 459 4164 S.
474 4115 504 4164 C.
516 4114 551 4164 D.
566 4115 617 4174 E.;
634 4113 800 4175 clarissimus,
824 4112 832 4138 ‘
841 4113 972 4174 nostrum,'
987 4111 1021 4161 A.
1039 4111 1070 4160 L.
1090 4111 1152 4159 read
1170 4111 1215 4158 ‘in
1231 4113 1288 4173 ipsa

335 4185 510 4248 dignissimus,
536 4184 692 4248 carissimus,
722 4186 800 4245 atque
824 4187 910 4232 sancta
923 4182 993 4243 sede,
1003 4180 1111 4242 omnia3’
1128 4181 1163 4231 D.
1175 4181 1214 4230 M.
1226 4182 1288 4232 read

335 4255 513 4318 peritissimus,
524 4254 557 4305 A.
567 4255 598 4306 L.
824 4253 866 4304 tbe
878 4251 1241 4315 same,omitting‘nostn1m.’
