2858 4890
172 397 239 444 mr.
256 379 297 460 1.]
390 394 504 447 ensrs
528 395 655 444 uncum
679 396 891 445 suenorum.
1058 382 1123 447 103

168 552 288 615 redum
304 571 432 633 regem,
443 553 503 636 qui
514 553 637 617 tertius
647 560 728 635 post
739 553 929 635 Egbertum
942 556 1120 635 regnavit:

169 645 300 715 ‘¹Ecce
318 653 463 716 ecclesia
489 653 601 716 sancti
620 651 801 717 cuthberti
818 654 1036 717 sacerdotum
1053 655 1122 720 Dei

167 752 337 832 sanguine
358 771 511 834 aspersa,
535 753 693 817 omuibus
715 752 865 836 spoliata
887 757 1119 837 ornamentis3

167 851 264 915 locus
287 853 421 916 cunctis
446 853 482 915 in
510 853 693 916 Britannia
720 854 949 917 venerabilior
973 857 1120 937 paganis

168 952 329 1032 gentibus
362 951 465 1016 datur
500 952 545 1015 ad
584 952 876 1034 depraedandum3
911 961 946 1018 et
968 955 1028 1017 ubi
1049 956 1120 1037 pri·

167 1070 261 1114 mum
278 1059 359 1133 post
379 1051 568 1114 discessum
595 1053 707 1115 sancti
730 1051 870 1116 Paulini
891 1054 936 1116 ab
962 1053 1119 1119 Eboraco

170 1149 368 1214 Christiana
384 1151 504 1232 religio
520 1152 557 1215 in
573 1159 693 1215 nostra
715 1160 819 1234 gente
844 1154 992 1236 sumpsit
1017 1173 1119 1217 exor-

168 1251 275 1327 dium,
291 1250 339 1314 ibi
365 1251 512 1314 miseriae
540 1259 576 1314 et
603 1252 811 1316 calamitatis
837 1254 943 1335 coepit
967 1253 1117 1318 initium.

169 1348 263 1428 Quid
290 1351 464 1432 significat
488 1352 608 1434 pluvia
633 1354 825 1434 sanguinis,
843 1372 947 1434 quam
970 1353 1119 1436 quadra·

168 1450 326 1531 gesimali
341 1458 509 1534 tempore,
525 1451 562 1514 in
579 1451 737 1516 Eboraca
753 1453 895 1516 civitate
912 1472 990 1534 quae
1013 1461 1120 1534 caput

168 1551 277 1614 totius
294 1553 392 1633 regni
409 1559 473 1628 est,
490 1553 527 1614 in
543 1553 689 1615 ecclesia
705 1545 815 1615 ²beati
834 1552 1000 1635 principis
1017 1570 1119 1633 apos·

169 1650 318 1715 telorum
346 1651 507 1728 vidimus,
535 1650 578 1714 de
605 1652 812 1728 borealibus,
840 1651 974 1729 domuS,
996 1670 1118 1714 sereno

168 1768 259 1828 aere,
299 1750 342 1814 de
375 1744 591 1814 ³summitate
632 1753 715 1816 tecti
753 1752 933 1814 minaciter
972 1751 1119 1816 cadere?

169 1848 295 1914 Nonne
311 1857 427 1933 potest
441 1851 557 1933 putari
574 1870 595 1914 a
615 1851 812 1915 borealibus
828 1852 985 1933 partibus
1002 1851 1120 1915 venire

167 1951 371 2031 sanguinem
386 1951 670 2033 superterramt'
697 1951 788 2014 Item
799 1944 962 2016 *osberto
973 1950 1119 2033 patricio

169 2048 394 2116 Marciorum:
429 2050 623 2114 ‘Nostrum
643 2070 788 2132 regnum
808 2051 1120 2116 Northanhimbro-

167 2169 243 2212 rum
259 2170 347 2233 pene
364 2151 467 2232 periit
482 2157 624 2234 propter
638 2151 822 2214 intestinas
838 2151 1068 2214 dissensiones
1084 2157 1120 2214 et

168 2249 309 2314 fallaces
318 2251 537 2333 jurationes.'
578 2250 669 2314 Item
680 2250 724 2312 ad
736 2248 951 2314 Adalardum
967 2250 1120 2314 Cantua-

167 2349 315 2413 riensem
326 2350 640 2432 archiepiscopum:
665 2343 787 2413 ‘⁵Hoc
799 2350 876 2415 dico
887 2344 1047 2433 ⁶propter
1058 2350 1120 2414 fla-

168 2450 297 2530 gellum
312 2450 404 2533 quod
419 2470 529 2533 nuper
542 2449 667 2514 accidit
678 2450 834 2532 partibus
846 2451 967 2514 insulae
977 2457 1119 2528 nostroe,

168 2569 247 2631 quae
273 2570 381 2632 prope
409 2550 572 2614 trecentis
594 2556 630 2613 et
647 2551 880 2632 quadraginta
898 2551 1035 2615 annisa
1058 2570 1121 2632 pa·

168 2650 322 2713 rentibus
337 2649 532 2714 inhabitata
546 2657 599 2712 est
614 2652 754 2714 nostris,
800 2642 965 2732 ⁷Legitur
980 2651 1016 2713 in
1032 2650 1120 2713 libro

169 2748 284 2813 Gildae
311 2751 556 2832 sapientissimi
573 2750 767 2827 Britonum,
797 2750 889 2831 quod
915 2750 1018 2812 iidem
1036 2748 1117 2812 Bri-

169 2856 281 2926 tones,
303 2856 446 2934 propter
473 2851 656 2914 avaritiam
682 2857 718 2914 et
742 2850 899 2932 rapinam
914 2849 1120 2931 principum,

168 2957 310 3032 propter
325 2950 542 3032 iniquitatem
561 2957 597 3012 et
612 2949 820 3032 injustitiam
834 2947 1003 3031 judicum,
1019 2967 1122 3030 prop÷

168 3056 221 3112 ter
235 3049 401 3114 desidiam
427 3048 683 3131 praedicationis
706 3048 957 3131 episcoporum,
980 3054 1122 3130 propter

202 3279 210 3312 ¹
222 3283 285 3330 Ecce
295 3280 393 3330 ecclcriu
402 3316 409 3331 .
417 3315 424 3330 .
431 3316 437 3331 .
445 3281 633 3344 superterram]
658 3284 723 3329 most
730 3281 852 3342 probably
863 3279 922 3328 here
933 3279 1033 3328 ulludes
1043 3283 1069 3327 to
1080 3281 1123 3330 th·

166 3352 215 3402 See
233 3352 337 3402 Alonin.
356 3351 408 3412 Op.
426 3356 485 3400 tom.
503 3365 524 3402 1.
546 3367 573 3412 p.
592 3355 634 3413 2⁰,
658 3351 829 3400 devastatione
840 3349 869 3399 of
876 3350 919 3399 the
930 3351 1028 3412 Daues,
1038 3349 1123 3399 which

167 3424 241 3485 epist.
253 3435 303 3471 xu.
658 3422 741 3482 began
752 3421 890 3469 Α.Ι).793.

200 3489 211 3518 ²
222 3491 319 3555 Beati]
339 3493 368 3541 C.
375 3492 411 3542 D.
417 3492 449 3541 E.
455 3490 487 3541 L.
494 3492 549 3552 M.;
566 3491 634 3540 beati
693 3486 704 3524 ⁷
715 3491 821 3552 Legitur
831 3490 857 3538 ia
867 3489 930 3538 libro
938 3490 1020 3538 Gildoe
1030 3487 1124 3552 supien-

167 3563 248 3625 Petri,
259 3563 289 3611 S.
659 3560 750 3608 tissimi
768 3560 923 3622 Britonum]
948 3560 1002 3608 The
1024 3560 1123 3620 precise

201 3630 212 3663 ³
223 3629 390 3691 Summitate]
411 3631 445 3680 A.
452 3632 488 3682 D.
496 3632 529 3681 E.
537 3631 568 3680 L.
578 3631 634 3690 M.;
659 3631 743 3679 words
754 3631 823 3678 cited
838 3632 872 3690 by
883 3630 978 3678 Alcuin
989 3643 1032 3678 are
1043 3633 1087 3677 not
1097 3633 1123 3677 to

168 3717 274 3763 summo,
287 3702 315 3751 S.
330 3703 359 3751 C.
657 3701 689 3749 be
701 3700 907 3749 foundineither
921 3700 963 3747 the
975 3698 983 3726 ‘
995 3697 1124 3747 Historia’

81 3816 84 3820 .
202 3770 345 3834 ⁴Osberto.]
356 3773 409 3821 The
416 3771 582 3820 extractsrom
592 3770 633 3818 the
658 3786 687 3818 or
697 3771 739 3820 the
751 3770 759 3798 ‘
771 3768 1002 3831 EpistolaGildae,'
1012 3782 1041 3816 as
1052 3767 1123 3816 these

169 3840 635 3904 epistletoOsbertisprintedinAlc-
658 3841 744 3890 werke
758 3845 785 3889 at
802 3843 903 3902 present
919 3839 1001 3898 exist;
1018 3839 1064 3886 but
1079 3836 1122 3885 the

169 3914 236 3963 uin's
246 3913 342 3974 works,
353 3912 417 3961 from
428 3911 611 3971 Melmesbury.
659 3911 820 3971 expressions
836 3910 866 3958 of
879 3907 980 3968 Gildas,
996 3912 1022 3956 to
1038 3905 1123 3955 which

202 3983 282 4031 ⁶Hoc
298 3982 560 4044 dice....dignctus
577 3980 634 4043 eet]
659 3977 981 4029 Aleuinseemstoellude
998 3976 1024 4024 in
1042 3976 1124 4024 show·

168 4055 216 4103 See
234 4054 338 4103 Alcuin.
359 4053 410 4114 Op.
431 4056 490 4102 tom.
512 4065 530 4101 1.
549 4066 576 4112 p.
594 4054 635 4112 15,
660 4051 704 4112 ing
714 4050 819 4098 whence
838 4047 949 4099 resulted
966 4046 1008 4094 the
1026 4044 1125 4094 missor·

169 4125 243 4186 epist.
256 4136 294 4172 1x.
660 4125 734 4169 tunes
751 4121 781 4169 of
799 4120 842 4168 the
861 4121 977 4178 country,
998 4130 1076 4165 occur
1097 4115 1124 4163 in

202 4191 214 4224 ⁶
230 4195 336 4257 Propter
352 4192 503 4257 flagellem]
540 4189 635 4240 Alcuin
659 4190 687 4253 §b
697 4194 740 4254 27,
750 4194 784 4239 66
794 4189 824 4238 oi
831 4189 873 4238 the
884 4189 891 4217 ‘
905 4186 1040 4250 Epistola?
