2858 4890
352 361 419 427 358
568 375 682 424 cnsrn
705 375 832 423 nucum
856 375 1071 423 arcionum.
1167 361 1253 443 [mn.
1271 377 1312 424 n.

358 535 510 602 evanuit.
564 533 711 617 CorpuS,
726 552 824 597 muro
840 532 1055 616 applicitum,
1071 533 1240 598 vastitate
1255 534 1311 597 sui

360 637 525 701 moenium
558 632 775 698 altitudinem
806 633 910 712 vicit3
948 633 1008 696 sed
1045 634 1312 714 procedentibus

362 738 494 809 diebuS,
509 733 690 798 stillicidiis
707 733 891 797 rorulentis
914 732 1079 810 infusum,
1094 753 1311 796 communem

363 835 560 900 mortalium
584 833 836 915 corruptionem
853 834 1008 914 agnovit,
1035 838 1115 896 cute
1138 833 1255 897 soluta
1277 841 1315 898 et

366 934 481 1000 nervis
496 933 696 997 fluentibus.

480 1170 527 1215 DE
550 1168 715 1216 MULlERE
738 1169 812 1216 DUO
836 1168 1002 1217 CORPORA
1026 1170 1207 1219 HABENTE.

247 1364 258 1391 ο
343 1369 352 1378 -
424 1328 529 1412 §202
553 1327 654 1392 Tunc
676 1346 814 1411 quoqne
837 1327 874 1391 in
899 1327 1049 1393 confinio
1072 1309 1263 1392 Britanniae
1286 1337 1323 1393 et

211 1405 280 1444 lusive
288 1405 310 1440 to

210 1452 307 1502 rupina
318 1450 360 1490 ana
374 1427 600 1493 Normanniae
621 1434 818 1510 portentum
835 1428 948 1491 visum
970 1428 1075 1492 estin
1091 1447 1162 1493 una
1177 1429 1234 1492 vel
1255 1449 1320 1511 po·
1402 1487 1406 1493 .

213 1503 343 1551 Normandy.

373 1536 443 1593 trus
460 1528 595 1591 duabus
617 1527 829 1591 mulieribus.
873 1527 955 1592 Duo
970 1535 1070 1592 erant
1086 1529 1215 1610 capita,
1230 1548 1319 1611 qua-

374 1636 453 1693 tnor
468 1628 621 1704 brachia,
637 1634 672 1691 et
694 1634 821 1690 caetera
845 1627 983 1708 gemina
1003 1628 1120 1692 omnia
1141 1647 1252 1711 usque
1275 1629 1320 1692 ad

375 1728 598 1792 umbilicum:
633 1726 775 1790 inferius
801 1728 871 1791 duo
900 1746 1012 1805 crura,
1039 1728 1109 1791 duo
1135 1728 1253 1810 pedeS,
1285 1736 1322 1793 et

376 1835 504 1892 caetera
520 1827 637 1891 omnia
658 1825 808 1907 singula.
861 1826 1025 1904 Ridebat,
1040 1829 1253 1904 comedebat,
1268 1829 1321 1892 lo·

377 1929 548 2011 quebatur
572 1946 662 1990 nna:
687 1926 805 2004 flebat,
831 1927 1016 2004 esuriebat,
1041 1929 1178 2004 tacebat
1197 1928 1320 1992 altera.

379 2029 449 2092 Ore
469 2026 607 2109 gemino
629 2025 913 2104 manducabatur,
938 2028 1000 2090 sed
1026 2047 1097 2092 uno
1123 2035 1240 2092 meatu
1268 2028 1321 2092 di-

378 2129 574 2210 gerebatur.
626 2123 808 2189 Postremo
830 2146 901 2190 una
929 2125 1104 2205 defuncta,
1127 2128 1323 2211 supervixit

377 2228 507 2290 altera:
531 2227 685 2309 portavit
698 2245 784 2308 pene
806 2225 954 2289 triennio
969 2227 1051 2291 viva
1064 2236 1247 2306 mortuam,
1261 2228 1324 2292 do·

379 2345 443 2389 nec
470 2333 505 2390 et
529 2326 619 2389 mole
644 2326 806 2407 ponderis
832 2333 868 2390 et
890 2326 1009 2390 nidore
1039 2327 1219 2391 cadaveris
1247 2329 1325 2410 ipsa

381 2445 518 2508 quoqne
544 2425 679 2490 defecit.
732 2423 900 2489 Putatum
924 2433 978 2490 est
1001 2445 1023 2489 a
1047 2428 1265 2510 quibusdam,
1289 2436 1324 2493 et

380 2525 490 2588 literis
520 2524 624 2589 etiam
652 2523 830 2602 traditum,
862 2527 954 2608 qnod
983 2526 1037 2590 hae
1061 2526 1222 2592 mulieres
1249 2526 1325 2592 An·

382 2625 488 2706 gliam
503 2631 538 2688 et
553 2623 803 2688 Normanniam
825 2625 1096 2706 significaverint
1109 2647 1117 2707 3
1141 2647 1232 2709 quae,
1245 2627 1327 2692 licet

383 2723 506 2806 spatiis
522 2730 691 2787 terrarum
708 2724 778 2788 sint
792 2724 926 2803 divisae,
941 2733 1023 2790 sunt
1037 2732 1153 2790 tamen
1175 2729 1239 2790 snb
1256 2748 1326 2791 uno

382 2824 535 2887 dominio
560 2823 678 2887 unitae.
731 2822 801 2888 Hae
823 2825 984 2908 quicquid
1007 2827 1229 2907 pecuniarum
1253 2828 1328 2891 avi·

384 2924 436 2986 dis
453 2923 611 2988 faucibus
630 2925 874 3001 insorbuerint,
897 2925 933 2987 in
959 2944 1063 2989 unam
1084 2926 1245 2990 lacunam
1268 2927 1328 2991 de-

384 3023 473 3100 fluit,
488 3043 566 3105 qnae
581 3024 627 3087 sit
640 3022 696 3088 vel
719 3024 911 3106 principum
928 3025 1088 3103 avaritia,
1102 3027 1160 3090 vel
1181 3026 1327 3091 circum-

385 3124 577 3204 positarum
590 3123 743 3203 gentium
759 3123 906 3188 ferocia:
923 3132 1095 3189 mortuam
1110 3133 1146 3189 et
1159 3146 1248 3209 pene
1265 3147 1327 3190 ex·

385 3221 546 3286 haustam
564 3220 815 3285 Normanniam
832 3225 955 3305 vigens
979 3225 1135 3306 pecuniis
1155 3234 1329 3291 sustentat

386 3317 528 3402 Anglia,
546 3320 654 3384 donec
676 3329 711 3384 et
734 3322 811 3403 ipsa
827 3321 985 3387 fortassis
1007 3327 1209 3389 succumbat
1224 3346 1328 3392 exac-
1398 3376 1408 3391 .

388 3425 501 3482 torum
525 3420 711 3500 violentia;
736 3421 822 3485 felix
846 3423 877 3486 si
900 3443 1053 3505 unquam
1074 3425 1110 3487 in
1132 3425 1328 3491 libertatem

387 3519 556 3600 respirare
569 3520 710 3601 poterit,
723 3521 823 3605 cujus
839 3523 977 3586 inanem
986 3523 1191 3607 jamdudum
1213 3545 1331 3608 perse-

375 3618 505 3699 quitur
525 3620 693 3684 umbram.
745 3619 851 3685 Nunc
872 3623 980 3703 gemit
1000 3623 1256 3689 calamitatibus
1278 3627 1331 3690 af-

386 3716 492 3792 flicta,
516 3719 738 3801 pensionibus
761 3721 917 3785 addicta:
941 3741 1081 3786 causam
1104 3723 1249 3808 hujusce
1271 3747 1330 3790 ca-

385 3815 551 3883 lamitatis
573 3819 775 3897 describam,
798 3822 828 3884 si
849 3822 945 3903 prius
961 3823 1120 3905 quaedam
1141 3824 1263 3889 dixero
1287 3828 1331 3891 ad

295 3938 297 3941 ·
384 3935 456 3980 rem
482 3918 704 4000 pertinentia.
739 3918 859 3998 'Quia
880 3922 972 3985 enim
998 3922 1150 3988 forensia
1174 3933 1274 4006 gesta
1296 3935 1331 3992 et

220 4027 316 4070 Aceount
325 4031 350 4071 of

219 4081 369 4128 Angla-saxon

219 4128 293 4170 saints.

384 4018 525 4097 negotia
542 4017 667 4080 bellica
689 4038 808 4100 regum
824 4017 1018 4102 Anglorum
1034 4022 1102 4086 huc
1115 4043 1226 4105 nsque
1248 4046 1332 4090 con·

383 4117 492 4192 texui,
516 4117 600 4180 libet
623 4118 872 4201 aliquantisper
897 4122 933 4183 in
960 4123 1145 4187 sanctitate
1177 4144 1332 4207 quorun-
