<?xml version="1.0" encoding="UTF-8"?>
<!DOCTYPE html PUBLIC "-//W3C//DTD XHTML 1.0 Transitional//EN"
    "http://www.w3.org/TR/xhtml1/DTD/xhtml1-transitional.dtd">
<html xmlns="http://www.w3.org/1999/xhtml" xml:lang="en" lang="en">
 <head>
  <title>
</title>
<meta http-equiv="Content-Type" content="text/html;charset=utf-8" />
  <meta name='ocr-system' content='tesseract 3.04.00' />
  <meta name='ocr-capabilities' content='ocr_page ocr_carea ocr_par ocr_line ocrx_word'/>
</head>
<body>
  <div class='ocr_page' id='page_1' title='image "./gestaregumanglo01willgoog_0342.png"; bbox 0 0 2858 4890; ppageno 0'>
   <div class='ocr_carea' id='block_1_1' title="bbox 350 390 1305 473">
    <p class='ocr_par' dir='ltr' id='par_1_1' title="bbox 350 390 1305 473">
     <span class='ocr_line' id='line_1_1' title="bbox 350 390 1305 473; baseline 0 -18"><span class='ocrx_word' id='word_1_1' title='bbox 350 390 416 455; x_wconf 73' lang='lat'>302</span> <span class='ocrx_word' id='word_1_2' title='bbox 567 405 680 453; x_wconf 70' lang='lat' dir='ltr'>unsri</span> <span class='ocrx_word' id='word_1_3' title='bbox 703 404 830 452; x_wconf 82' lang='lat' dir='ltr'>nncuu</span> <span class='ocrx_word' id='word_1_4' title='bbox 854 404 1069 454; x_wconf 76' lang='lat' dir='ltr'>nucnonuu.</span> <span class='ocrx_word' id='word_1_5' title='bbox 1161 391 1246 473; x_wconf 79' lang='lat' dir='ltr'>[nin.</span> <span class='ocrx_word' id='word_1_6' title='bbox 1264 408 1305 456; x_wconf 91' lang='lat'>11.</span> 
     </span>
    </p>
   </div>
   <div class='ocr_carea' id='block_1_2' title="bbox 193 563 1378 2944">
    <p class='ocr_par' dir='ltr' id='par_1_2' title="bbox 193 563 1378 2944">
     <span class='ocr_line' id='line_1_2' title="bbox 351 563 1302 647; baseline -0.001 -18"><span class='ocrx_word' id='word_1_7' title='bbox 351 565 559 647; x_wconf 81' lang='lat' dir='ltr'><strong>interempti.</strong></span> <span class='ocrx_word' id='word_1_8' title='bbox 611 563 667 628; x_wconf 93' lang='lat' dir='ltr'>Ibi</span> <span class='ocrx_word' id='word_1_9' title='bbox 690 563 805 627; x_wconf 86' lang='lat' dir='ltr'>Cnuto</span> <span class='ocrx_word' id='word_1_10' title='bbox 830 583 974 644; x_wconf 87' lang='lat' dir='ltr'>regnum</span> <span class='ocrx_word' id='word_1_11' title='bbox 1001 564 1231 646; x_wconf 79' lang='lat' dir='ltr'>expugnavit,</span> <span class='ocrx_word' id='word_1_12' title='bbox 1253 565 1302 628; x_wconf 92' lang='lat' dir='ltr'>ibi</span> 
     </span>
     <span class='ocr_line' id='line_1_3' title="bbox 352 661 1303 746; baseline 0 -18"><span class='ocrx_word' id='word_1_13' title='bbox 352 685 453 728; x_wconf 90' lang='lat' dir='ltr'>omne</span> <span class='ocrx_word' id='word_1_14' title='bbox 474 664 579 728; x_wconf 91' lang='lat' dir='ltr'>decus</span> <span class='ocrx_word' id='word_1_15' title='bbox 595 663 735 745; x_wconf 87' lang='lat' dir='ltr'>Angliae</span> <span class='ocrx_word' id='word_1_16' title='bbox 758 663 930 740; x_wconf 91' lang='lat' dir='ltr'>occubuit,</span> <span class='ocrx_word' id='word_1_17' title='bbox 945 663 993 727; x_wconf 94' lang='lat' dir='ltr'>ibi</span> <span class='ocrx_word' id='word_1_18' title='bbox 1016 661 1080 727; x_wconf 90' lang='lat' dir='ltr'>flos</span> <span class='ocrx_word' id='word_1_19' title='bbox 1101 665 1225 746; x_wconf 87' lang='lat' dir='ltr'>patriae</span> <span class='ocrx_word' id='word_1_20' title='bbox 1248 672 1303 728; x_wconf 91' lang='lat' dir='ltr'>to-</span> 
     </span>
     <span class='ocr_line' id='line_1_4' title="bbox 352 762 1303 847; baseline -0.001 -19"><span class='ocrx_word' id='word_1_21' title='bbox 352 771 409 828; x_wconf 91' lang='lat' dir='ltr'>tus</span> <span class='ocrx_word' id='word_1_22' title='bbox 432 765 619 829; x_wconf 86' lang='lat' dir='ltr'>emarcuit:</span> <span class='ocrx_word' id='word_1_23' title='bbox 651 765 741 827; x_wconf 90' lang='lat' dir='ltr'>inter</span> <span class='ocrx_word' id='word_1_24' title='bbox 762 783 849 846; x_wconf 91' lang='lat' dir='ltr'>quos</span> <span class='ocrx_word' id='word_1_25' title='bbox 873 762 1026 827; x_wconf 87' lang='lat' dir='ltr'>Ulkillus</span> <span class='ocrx_word' id='word_1_26' title='bbox 1054 764 1303 847; x_wconf 87' lang='lat' dir='ltr'>Estanglorum</span> 
     </span>
     <span class='ocr_line' id='line_1_5' title="bbox 351 863 1302 948; baseline 0.001 -20"><span class='ocrx_word' id='word_1_27' title='bbox 351 883 478 942; x_wconf 89' lang='lat' dir='ltr'>comes,</span> <span class='ocrx_word' id='word_1_28' title='bbox 502 872 705 948; x_wconf 90' lang='lat' dir='ltr'>perpetuam</span> <span class='ocrx_word' id='word_1_29' title='bbox 722 864 798 947; x_wconf 90' lang='lat' dir='ltr'>jam</span> <span class='ocrx_word' id='word_1_30' title='bbox 820 863 948 927; x_wconf 91' lang='lat' dir='ltr'>samam</span> <span class='ocrx_word' id='word_1_31' title='bbox 975 864 1120 927; x_wconf 89' lang='lat' dir='ltr'>meritus</span> <span class='ocrx_word' id='word_1_32' title='bbox 1146 871 1302 948; x_wconf 88' lang='lat' dir='ltr'>tempore</span> 
     </span>
     <span class='ocr_line' id='line_1_6' title="bbox 352 963 1302 1047; baseline 0.002 -20"><span class='ocrx_word' id='word_1_33' title='bbox 352 963 480 1041; x_wconf 89' lang='lat' dir='ltr'>Swani,</span> <span class='ocrx_word' id='word_1_34' title='bbox 501 964 653 1047; x_wconf 89' lang='lat' dir='ltr'>quando,</span> <span class='ocrx_word' id='word_1_35' title='bbox 668 964 800 1046; x_wconf 86' lang='lat' dir='ltr'>primus</span> <span class='ocrx_word' id='word_1_36' title='bbox 822 964 974 1027; x_wconf 92' lang='lat' dir='ltr'>omnium</span> <span class='ocrx_word' id='word_1_37' title='bbox 991 964 1123 1046; x_wconf 75' lang='lat' dir='ltr'><strong>piratas</strong></span> <span class='ocrx_word' id='word_1_38' title='bbox 1143 965 1302 1042; x_wconf 89' lang='lat' dir='ltr'>adorsus,</span> 
     </span>
     <span class='ocr_line' id='line_1_7' title="bbox 351 1056 1302 1147; baseline 0.002 -21"><span class='ocrx_word' id='word_1_39' title='bbox 351 1082 448 1146; x_wconf 91' lang='lat' dir='ltr'>spem</span> <span class='ocrx_word' id='word_1_40' title='bbox 460 1064 555 1128; x_wconf 88' lang='lat' dir='ltr'>dedit</span> <span class='ocrx_word' id='word_1_41' title='bbox 567 1083 670 1146; x_wconf 89' lang='lat' dir='ltr'>posse</span> <span class='ocrx_word' id='word_1_42' title='bbox 684 1063 763 1127; x_wconf 93' lang='lat' dir='ltr'>illos</span> <span class='ocrx_word' id='word_1_43' title='bbox 780 1063 936 1146; x_wconf 89' lang='lat' dir='ltr'>superari</span> <span class='ocrx_word' id='word_1_44' title='bbox 950 1084 958 1144; x_wconf 89' lang='lat'><strong>;</strong></span> <span class='ocrx_word' id='word_1_45' title='bbox 976 1070 1012 1126; x_wconf 89' lang='lat' dir='ltr'>et</span> <span class='ocrx_word' id='word_1_46' title='bbox 1030 1056 1207 1147; x_wconf 86' lang='lat' dir='ltr'>¹praecipui</span> <span class='ocrx_word' id='word_1_47' title='bbox 1218 1073 1302 1130; x_wconf 90' lang='lat' dir='ltr'>tunc</span> 
     </span>
     <span class='ocr_line' id='line_1_8' title="bbox 351 1162 1302 1247; baseline 0.001 -19"><span class='ocrx_word' id='word_1_48' title='bbox 351 1164 429 1240; x_wconf 88' lang='lat' dir='ltr'>viri,</span> <span class='ocrx_word' id='word_1_49' title='bbox 446 1165 590 1228; x_wconf 84' lang='lat' dir='ltr'>abbates</span> <span class='ocrx_word' id='word_1_50' title='bbox 612 1172 647 1228; x_wconf 89' lang='lat' dir='ltr'>et</span> <span class='ocrx_word' id='word_1_51' title='bbox 671 1163 834 1246; x_wconf 88' lang='lat' dir='ltr'>episcopi.</span> <span class='ocrx_word' id='word_1_52' title='bbox 887 1162 1102 1241; x_wconf 88' lang='lat' dir='ltr'>Edmundns,</span> <span class='ocrx_word' id='word_1_53' title='bbox 1118 1163 1302 1247; x_wconf 90' lang='lat' dir='ltr'>indepene</span> 
     </span>
     <span class='ocr_line' id='line_1_9' title="bbox 352 1262 1302 1346; baseline 0.002 -19"><span class='ocrx_word' id='word_1_54' title='bbox 352 1263 446 1327; x_wconf 88' lang='lat' dir='ltr'>solus</span> <span class='ocrx_word' id='word_1_55' title='bbox 467 1264 589 1346; x_wconf 91' lang='lat' dir='ltr'>pedem</span> <span class='ocrx_word' id='word_1_56' title='bbox 612 1263 775 1340; x_wconf 84' lang='lat' dir='ltr'>referens,</span> <span class='ocrx_word' id='word_1_57' title='bbox 799 1262 1039 1328; x_wconf 88' lang='lat' dir='ltr'>Gloecestram</span> <span class='ocrx_word' id='word_1_58' title='bbox 1061 1264 1170 1341; x_wconf 86' lang='lat' dir='ltr'>venit,</span> <span class='ocrx_word' id='word_1_59' title='bbox 1191 1272 1232 1329; x_wconf 93' lang='lat' dir='ltr'>ut</span> <span class='ocrx_word' id='word_1_60' title='bbox 1254 1265 1302 1329; x_wconf 92' lang='lat' dir='ltr'>ibi</span> 
     </span>
     <span class='ocr_line' id='line_1_10' title="bbox 352 1362 1304 1442; baseline 0.004 -17"><span class='ocrx_word' id='word_1_61' title='bbox 352 1363 544 1428; x_wconf 88' lang='lat' dir='ltr'>recollectis</span> <span class='ocrx_word' id='word_1_62' title='bbox 560 1364 690 1428; x_wconf 84' lang='lat' dir='ltr'>viribus</span> <span class='ocrx_word' id='word_1_63' title='bbox 705 1364 822 1428; x_wconf 89' lang='lat' dir='ltr'>hostes</span> <span class='ocrx_word' id='word_1_64' title='bbox 843 1363 974 1428; x_wconf 88' lang='lat' dir='ltr'>recenti</span> <span class='ocrx_word' id='word_1_65' title='bbox 990 1362 1136 1428; x_wconf 86' lang='lat' dir='ltr'>victoria</span> <span class='ocrx_word' id='word_1_66' title='bbox 1158 1365 1304 1442; x_wconf 89' lang='lat' dir='ltr'>otiosos,</span> 
     </span>
     <span class='ocr_line' id='line_1_11' title="bbox 352 1461 1304 1546; baseline 0.003 -20"><span class='ocrx_word' id='word_1_67' title='bbox 352 1463 444 1527; x_wconf 93' lang='lat' dir='ltr'>sicut</span> <span class='ocrx_word' id='word_1_68' title='bbox 467 1465 625 1545; x_wconf 86' lang='lat' dir='ltr'>putabat,</span> <span class='ocrx_word' id='word_1_69' title='bbox 654 1463 912 1546; x_wconf 83' lang='lat' dir='ltr'>aggrederetur.</span> <span class='ocrx_word' id='word_1_70' title='bbox 966 1461 1041 1526; x_wconf 91' lang='lat' dir='ltr'>Nec</span> <span class='ocrx_word' id='word_1_71' title='bbox 1065 1463 1217 1528; x_wconf 89' lang='lat' dir='ltr'>Cnutoni</span> <span class='ocrx_word' id='word_1_72' title='bbox 1239 1485 1304 1529; x_wconf 91' lang='lat' dir='ltr'>au·</span> 
     </span>
     <span class='ocr_line' id='line_1_12' title="bbox 352 1563 1303 1645; baseline 0.001 -18"><span class='ocrx_word' id='word_1_73' title='bbox 352 1563 453 1627; x_wconf 89' lang='lat' dir='ltr'>dacia</span> <span class='ocrx_word' id='word_1_74' title='bbox 477 1563 586 1627; x_wconf 86' lang='lat' dir='ltr'>defuit</span> <span class='ocrx_word' id='word_1_75' title='bbox 607 1564 692 1645; x_wconf 94' lang='lat' dir='ltr'>quin</span> <span class='ocrx_word' id='word_1_76' title='bbox 715 1563 904 1644; x_wconf 85' lang='lat' dir='ltr'>fugientem</span> <span class='ocrx_word' id='word_1_77' title='bbox 926 1564 1178 1645; x_wconf 84' lang='lat' dir='ltr'>insequeretur.</span> <span class='ocrx_word' id='word_1_78' title='bbox 1232 1563 1303 1643; x_wconf 89' lang='lat' dir='ltr'>Ita,</span> 
     </span>
     <span class='ocr_line' id='line_1_13' title="bbox 352 1663 1303 1744; baseline 0.002 -18"><span class='ocrx_word' id='word_1_79' title='bbox 352 1681 431 1726; x_wconf 90' lang='lat' dir='ltr'>cum</span> <span class='ocrx_word' id='word_1_80' title='bbox 452 1663 587 1727; x_wconf 88' lang='lat' dir='ltr'>infestis</span> <span class='ocrx_word' id='word_1_81' title='bbox 605 1664 714 1744; x_wconf 86' lang='lat' dir='ltr'>signis</span> <span class='ocrx_word' id='word_1_82' title='bbox 737 1663 985 1739; x_wconf 85' lang='lat' dir='ltr'>constitissent,</span> <span class='ocrx_word' id='word_1_83' title='bbox 1003 1663 1207 1727; x_wconf 90' lang='lat' dir='ltr'>Edmundns</span> <span class='ocrx_word' id='word_1_84' title='bbox 1228 1665 1303 1729; x_wconf 87' lang='lat' dir='ltr'>sin-</span> 
     </span>
     <span class='ocr_line' id='line_1_14' title="bbox 353 1762 1305 1847; baseline 0.004 -22"><span class='ocrx_word' id='word_1_85' title='bbox 353 1763 509 1844; x_wconf 85' lang='lat' dir='ltr'>gularem</span> <span class='ocrx_word' id='word_1_86' title='bbox 526 1782 679 1846; x_wconf 88' lang='lat' dir='ltr'>pugnam</span> <span class='ocrx_word' id='word_1_87' title='bbox 702 1763 815 1844; x_wconf 93' lang='lat' dir='ltr'>petiit,</span> <span class='ocrx_word' id='word_1_88' title='bbox 830 1782 873 1827; x_wconf 90' lang='lat' dir='ltr'>ne</span> <span class='ocrx_word' id='word_1_89' title='bbox 891 1762 960 1826; x_wconf 92' lang='lat' dir='ltr'>duo</span> <span class='ocrx_word' id='word_1_90' title='bbox 976 1763 1175 1827; x_wconf 90' lang='lat' dir='ltr'>homunculi</span> <span class='ocrx_word' id='word_1_91' title='bbox 1196 1784 1305 1847; x_wconf 89' lang='lat' dir='ltr'>prop-</span> 
     </span>
     <span class='ocr_line' id='line_1_15' title="bbox 352 1862 1304 1946; baseline 0.004 -22"><span class='ocrx_word' id='word_1_92' title='bbox 352 1867 406 1926; x_wconf 91' lang='lat' dir='ltr'>ter</span> <span class='ocrx_word' id='word_1_93' title='bbox 430 1863 653 1927; x_wconf 80' lang='lat' dir='ltr'>ambitionem</span> <span class='ocrx_word' id='word_1_94' title='bbox 678 1863 847 1944; x_wconf 88' lang='lat' dir='ltr'>regnandi</span> <span class='ocrx_word' id='word_1_95' title='bbox 880 1869 933 1927; x_wconf 92' lang='lat' dir='ltr'>tot</span> <span class='ocrx_word' id='word_1_96' title='bbox 958 1862 1192 1946; x_wconf 87' lang='lat' dir='ltr'>subjectorum</span> <span class='ocrx_word' id='word_1_97' title='bbox 1222 1883 1304 1928; x_wconf 91' lang='lat' dir='ltr'>san-</span> 
     </span>
     <span class='ocr_line' id='line_1_16' title="bbox 352 1963 1378 2046; baseline 0.004 -21"><span class='ocrx_word' id='word_1_98' title='bbox 352 1963 457 2042; x_wconf 86' lang='lat' dir='ltr'>guine</span> <span class='ocrx_word' id='word_1_99' title='bbox 486 1964 719 2046; x_wconf 86' lang='lat' dir='ltr'>culparentur,</span> <span class='ocrx_word' id='word_1_100' title='bbox 745 1982 823 2026; x_wconf 91' lang='lat' dir='ltr'>cum</span> <span class='ocrx_word' id='word_1_101' title='bbox 851 1970 994 2044; x_wconf 90' lang='lat' dir='ltr'>possent</span> <span class='ocrx_word' id='word_1_102' title='bbox 1022 1963 1097 2027; x_wconf 90' lang='lat' dir='ltr'>sine</span> <span class='ocrx_word' id='word_1_103' title='bbox 1122 1963 1305 2046; x_wconf 90' lang='lat' dir='ltr'>dispendio</span> <span class='ocrx_word' id='word_1_104' title='bbox 1376 1986 1378 1990; x_wconf 90' lang='lat'>·</span> 
     </span>
     <span class='ocr_line' id='line_1_17' title="bbox 353 2060 1304 2145; baseline 0.005 -22"><span class='ocrx_word' id='word_1_105' title='bbox 353 2060 505 2126; x_wconf 90' lang='lat' dir='ltr'>fidelium</span> <span class='ocrx_word' id='word_1_106' title='bbox 536 2083 678 2127; x_wconf 89' lang='lat' dir='ltr'>suorum</span> <span class='ocrx_word' id='word_1_107' title='bbox 708 2061 883 2126; x_wconf 84' lang='lat' dir='ltr'>fortunam</span> <span class='ocrx_word' id='word_1_108' title='bbox 915 2062 1076 2145; x_wconf 85' lang='lat' dir='ltr'>experiri.</span> <span class='ocrx_word' id='word_1_109' title='bbox 1132 2062 1304 2145; x_wconf 86' lang='lat' dir='ltr'>Magnam</span> 
     </span>
     <span class='ocr_line' id='line_1_18' title="bbox 353 2161 1304 2245; baseline 0.005 -22"><span class='ocrx_word' id='word_1_110' title='bbox 353 2161 507 2227; x_wconf 88' lang='lat' dir='ltr'>utrilibet</span> <span class='ocrx_word' id='word_1_111' title='bbox 535 2162 671 2226; x_wconf 90' lang='lat' dir='ltr'>laudem</span> <span class='ocrx_word' id='word_1_112' title='bbox 702 2162 866 2240; x_wconf 88' lang='lat' dir='ltr'>suturam,</span> <span class='ocrx_word' id='word_1_113' title='bbox 896 2164 956 2245; x_wconf 92' lang='lat' dir='ltr'>qui</span> <span class='ocrx_word' id='word_1_114' title='bbox 988 2181 1052 2227; x_wconf 91' lang='lat' dir='ltr'>suo</span> <span class='ocrx_word' id='word_1_115' title='bbox 1083 2163 1304 2245; x_wconf 89' lang='lat' dir='ltr'>potissimum</span> 
     </span>
     <span class='ocr_line' id='line_1_19' title="bbox 352 2261 1306 2344; baseline 0.006 -21"><span class='ocrx_word' id='word_1_116' title='bbox 352 2261 505 2342; x_wconf 89' lang='lat' dir='ltr'>periculo</span> <span class='ocrx_word' id='word_1_117' title='bbox 537 2269 674 2326; x_wconf 89' lang='lat' dir='ltr'>tantum</span> <span class='ocrx_word' id='word_1_118' title='bbox 702 2283 848 2344; x_wconf 89' lang='lat' dir='ltr'>regnum</span> <span class='ocrx_word' id='word_1_119' title='bbox 879 2263 1147 2328; x_wconf 88' lang='lat' dir='ltr'>nancisceretur.</span> <span class='ocrx_word' id='word_1_120' title='bbox 1212 2262 1306 2329; x_wconf 90' lang='lat' dir='ltr'>Haec</span> 
     </span>
     <span class='ocr_line' id='line_1_20' title="bbox 354 2360 1304 2445; baseline 0.005 -21"><span class='ocrx_word' id='word_1_121' title='bbox 354 2379 432 2424; x_wconf 88' lang='lat' dir='ltr'>eum</span> <span class='ocrx_word' id='word_1_122' title='bbox 465 2360 618 2426; x_wconf 86' lang='lat' dir='ltr'>Cnutoni</span> <span class='ocrx_word' id='word_1_123' title='bbox 647 2364 944 2440; x_wconf 89' lang='lat' dir='ltr'>renunciarentur,</span> <span class='ocrx_word' id='word_1_124' title='bbox 980 2362 1103 2427; x_wconf 86' lang='lat' dir='ltr'>abnuit</span> <span class='ocrx_word' id='word_1_125' title='bbox 1136 2382 1304 2445; x_wconf 88' lang='lat' dir='ltr'>prorsus;</span> 
     </span>
     <span class='ocr_line' id='line_1_21' title="bbox 354 2461 1305 2546; baseline 0.007 -24"><span class='ocrx_word' id='word_1_126' title='bbox 354 2461 598 2542; x_wconf 87' lang='lat' dir='ltr'>pronuncians,</span> <span class='ocrx_word' id='word_1_127' title='bbox 631 2463 744 2527; x_wconf 90' lang='lat' dir='ltr'>animo</span> <span class='ocrx_word' id='word_1_128' title='bbox 780 2483 818 2529; x_wconf 88' lang='lat' dir='ltr'>se</span> <span class='ocrx_word' id='word_1_129' title='bbox 849 2463 987 2546; x_wconf 92' lang='lat' dir='ltr'>quidem</span> <span class='ocrx_word' id='word_1_130' title='bbox 1020 2463 1202 2540; x_wconf 85' lang='lat' dir='ltr'>excellere,</span> <span class='ocrx_word' id='word_1_131' title='bbox 1242 2465 1305 2529; x_wconf 91' lang='lat' dir='ltr'>sed</span> 
     </span>
     <span class='ocr_line' id='line_1_22' title="bbox 354 2561 1306 2646; baseline 0.007 -23"><span class='ocrx_word' id='word_1_132' title='bbox 354 2567 475 2624; x_wconf 91' lang='lat' dir='ltr'>contra</span> <span class='ocrx_word' id='word_1_133' title='bbox 500 2568 572 2625; x_wconf 87' lang='lat' dir='ltr'>tam</span> <span class='ocrx_word' id='word_1_134' title='bbox 598 2561 749 2643; x_wconf 88' lang='lat' dir='ltr'>ingentis</span> <span class='ocrx_word' id='word_1_135' title='bbox 775 2563 875 2627; x_wconf 87' lang='lat' dir='ltr'>molis</span> <span class='ocrx_word' id='word_1_136' title='bbox 899 2562 1071 2627; x_wconf 90' lang='lat' dir='ltr'>hominem</span> <span class='ocrx_word' id='word_1_137' title='bbox 1099 2564 1306 2646; x_wconf 87' lang='lat' dir='ltr'>corpusculo</span> 
     </span>
     <span class='ocr_line' id='line_1_23' title="bbox 354 2659 1306 2748; baseline 0.005 -25"><span class='ocrx_word' id='word_1_138' title='bbox 354 2659 526 2726; x_wconf 89' lang='lat' dir='ltr'>diffidere:</span> <span class='ocrx_word' id='word_1_139' title='bbox 561 2681 693 2738; x_wconf 88' lang='lat' dir='ltr'>verum,</span> <span class='ocrx_word' id='word_1_140' title='bbox 719 2663 801 2744; x_wconf 92' lang='lat' dir='ltr'>quia</span> <span class='ocrx_word' id='word_1_141' title='bbox 827 2664 928 2726; x_wconf 87' lang='lat' dir='ltr'>ambo</span> <span class='ocrx_word' id='word_1_142' title='bbox 954 2682 1024 2726; x_wconf 88' lang='lat' dir='ltr'>non</span> <span class='ocrx_word' id='word_1_143' title='bbox 1047 2662 1200 2727; x_wconf 89' lang='lat' dir='ltr'>indebite</span> <span class='ocrx_word' id='word_1_144' title='bbox 1225 2685 1306 2748; x_wconf 84' lang='lat' dir='ltr'>reg·</span> 
     </span>
     <span class='ocr_line' id='line_1_24' title="bbox 354 2761 1305 2844; baseline 0.007 -22"><span class='ocrx_word' id='word_1_145' title='bbox 354 2780 436 2824; x_wconf 91' lang='lat' dir='ltr'>num</span> <span class='ocrx_word' id='word_1_146' title='bbox 462 2761 654 2842; x_wconf 87' lang='lat' dir='ltr'>efflagitent</span> <span class='ocrx_word' id='word_1_147' title='bbox 670 2761 761 2844; x_wconf 93' lang='lat' dir='ltr'>quod</span> <span class='ocrx_word' id='word_1_148' title='bbox 780 2769 898 2844; x_wconf 90' lang='lat' dir='ltr'>patres</span> <span class='ocrx_word' id='word_1_149' title='bbox 922 2764 1099 2827; x_wconf 88' lang='lat' dir='ltr'>amborum</span> <span class='ocrx_word' id='word_1_150' title='bbox 1117 2765 1305 2844; x_wconf 90' lang='lat' dir='ltr'>tenuerint,</span> 
     </span>
     <span class='ocr_line' id='line_1_25' title="bbox 193 2861 1306 2944; baseline 0.005 -21"><span class='ocrx_word' id='word_1_151' title='bbox 193 2882 290 2932; x_wconf 65' lang='lat' dir='ltr'>rugans</span> <span class='ocrx_word' id='word_1_152' title='bbox 302 2881 334 2923; x_wconf 83' lang='lat' dir='ltr'>u-</span> <span class='ocrx_word' id='word_1_153' title='bbox 354 2864 537 2926; x_wconf 90' lang='lat' dir='ltr'>convenire</span> <span class='ocrx_word' id='word_1_154' title='bbox 558 2862 753 2944; x_wconf 67' lang='lat' dir='ltr'>prudentiae</span> <span class='ocrx_word' id='word_1_155' title='bbox 776 2868 816 2925; x_wconf 95' lang='lat' dir='ltr'>ut</span> <span class='ocrx_word' id='word_1_156' title='bbox 837 2861 1003 2944; x_wconf 89' lang='lat' dir='ltr'>depositis</span> <span class='ocrx_word' id='word_1_157' title='bbox 1026 2865 1306 2930; x_wconf 90' lang='lat' dir='ltr'>animositatibus</span> 
     </span>
    </p>
   </div>
   <div class='ocr_carea' id='block_1_3' title="bbox 192 2933 300 2973">
    <p class='ocr_par' dir='ltr' id='par_1_3' title="bbox 192 2933 300 2973">
     <span class='ocr_line' id='line_1_26' title="bbox 192 2933 300 2973; baseline 0 0"><span class='ocrx_word' id='word_1_158' title='bbox 192 2933 256 2973; x_wconf 85' lang='lat' dir='ltr'>vlded</span> <span class='ocrx_word' id='word_1_159' title='bbox 265 2935 300 2973; x_wconf 80' lang='lat' dir='ltr'>be·</span> 
     </span>
    </p>
   </div>
   <div class='ocr_carea' id='block_1_4' title="bbox 194 2953 1306 3075">
    <p class='ocr_par' dir='ltr' id='par_1_4' title="bbox 194 2953 1306 3075">
     <span class='ocr_line' id='line_1_27' title="bbox 194 2953 1306 3075; baseline 0.006 -51"><span class='ocrx_word' id='word_1_160' title='bbox 194 2987 262 3075; x_wconf 41' lang='grc' dir='ltr'>ἓξὲξ</span> <span class='ocrx_word' id='word_1_161' title='bbox 269 2984 327 3074; x_wconf 54' lang='lat'>{⁸3¹</span> <span class='ocrx_word' id='word_1_162' title='bbox 353 2953 532 3043; x_wconf 82' lang='lat' dir='ltr'>²Angliam</span> <span class='ocrx_word' id='word_1_163' title='bbox 549 2963 757 3045; x_wconf 89' lang='lat' dir='ltr'>partiantur.</span> <span class='ocrx_word' id='word_1_164' title='bbox 803 2961 1008 3044; x_wconf 87' lang='lat' dir='ltr'>Susceptum</span> <span class='ocrx_word' id='word_1_165' title='bbox 1025 2972 1079 3028; x_wconf 89' lang='lat' dir='ltr'>est</span> <span class='ocrx_word' id='word_1_166' title='bbox 1092 2963 1157 3028; x_wconf 91' lang='lat' dir='ltr'>hoc</span> <span class='ocrx_word' id='word_1_167' title='bbox 1173 2964 1306 3031; x_wconf 93' lang='lat' dir='ltr'>dictum</span> 
     </span>
    </p>
   </div>
   <div class='ocr_carea' id='block_1_5' title="bbox 194 3063 1307 3548">
    <p class='ocr_par' dir='ltr' id='par_1_5' title="bbox 194 3063 1307 3548">
     <span class='ocr_line' id='line_1_28' title="bbox 194 3063 1306 3146; baseline 0.006 -23"><span class='ocrx_word' id='word_1_168' title='bbox 194 3083 257 3124; x_wconf 76' lang='lat' dir='ltr'>cnut.</span> <span class='ocrx_word' id='word_1_169' title='bbox 354 3063 398 3125; x_wconf 91' lang='lat' dir='ltr'>ab</span> <span class='ocrx_word' id='word_1_170' title='bbox 422 3070 570 3146; x_wconf 89' lang='lat' dir='ltr'>utroque</span> <span class='ocrx_word' id='word_1_171' title='bbox 595 3063 764 3140; x_wconf 89' lang='lat' dir='ltr'>exercitu,</span> <span class='ocrx_word' id='word_1_172' title='bbox 792 3082 988 3145; x_wconf 86' lang='lat' dir='ltr'>magnoque</span> <span class='ocrx_word' id='word_1_173' title='bbox 1023 3083 1167 3128; x_wconf 89' lang='lat' dir='ltr'>assensu</span> <span class='ocrx_word' id='word_1_174' title='bbox 1189 3065 1306 3130; x_wconf 88' lang='lat' dir='ltr'>firma·</span> 
     </span>
     <span class='ocr_line' id='line_1_29' title="bbox 355 3161 1307 3246; baseline 0.003 -20"><span class='ocrx_word' id='word_1_175' title='bbox 355 3169 440 3239; x_wconf 92' lang='lat' dir='ltr'>tum,</span> <span class='ocrx_word' id='word_1_176' title='bbox 463 3163 556 3246; x_wconf 92' lang='lat' dir='ltr'>quod</span> <span class='ocrx_word' id='word_1_177' title='bbox 581 3171 617 3228; x_wconf 91' lang='lat' dir='ltr'>et</span> <span class='ocrx_word' id='word_1_178' title='bbox 641 3162 799 3246; x_wconf 87' lang='lat' dir='ltr'>aequitati</span> <span class='ocrx_word' id='word_1_179' title='bbox 826 3161 1090 3245; x_wconf 91' lang='lat' dir='ltr'>conquadraret,</span> <span class='ocrx_word' id='word_1_180' title='bbox 1118 3171 1153 3228; x_wconf 94' lang='lat' dir='ltr'>et</span> <span class='ocrx_word' id='word_1_181' title='bbox 1175 3172 1307 3229; x_wconf 91' lang='lat' dir='ltr'>morta-</span> 
     </span>
     <span class='ocr_line' id='line_1_30' title="bbox 353 3262 1305 3347; baseline 0.004 -22"><span class='ocrx_word' id='word_1_182' title='bbox 353 3262 437 3326; x_wconf 92' lang='lat' dir='ltr'>lium</span> <span class='ocrx_word' id='word_1_183' title='bbox 454 3265 543 3346; x_wconf 90' lang='lat' dir='ltr'>paci,</span> <span class='ocrx_word' id='word_1_184' title='bbox 558 3271 610 3328; x_wconf 90' lang='lat' dir='ltr'>tot</span> <span class='ocrx_word' id='word_1_185' title='bbox 618 3262 765 3327; x_wconf 87' lang='lat' dir='ltr'>miseriis</span> <span class='ocrx_word' id='word_1_186' title='bbox 781 3262 1062 3344; x_wconf 82' lang='lat' dir='ltr'>defatigatorum,</span> <span class='ocrx_word' id='word_1_187' title='bbox 1073 3264 1209 3347; x_wconf 87' lang='lat' dir='ltr'>placide</span> <span class='ocrx_word' id='word_1_188' title='bbox 1221 3285 1305 3329; x_wconf 88' lang='lat' dir='ltr'>con·</span> 
     </span>
     <span class='ocr_line' id='line_1_31' title="bbox 354 3361 1305 3440; baseline 0.005 -15"><span class='ocrx_word' id='word_1_189' title='bbox 354 3362 494 3428; x_wconf 90' lang='lat' dir='ltr'>suleret.</span> <span class='ocrx_word' id='word_1_190' title='bbox 547 3363 606 3427; x_wconf 91' lang='lat' dir='ltr'>Ita</span> <span class='ocrx_word' id='word_1_191' title='bbox 629 3363 844 3440; x_wconf 76' lang='lat' dir='ltr'>EdmunduS,</span> <span class='ocrx_word' id='word_1_192' title='bbox 871 3361 1026 3426; x_wconf 89' lang='lat' dir='ltr'>unanimi</span> <span class='ocrx_word' id='word_1_193' title='bbox 1048 3364 1198 3429; x_wconf 90' lang='lat' dir='ltr'>clamore</span> <span class='ocrx_word' id='word_1_194' title='bbox 1230 3386 1305 3430; x_wconf 92' lang='lat' dir='ltr'>om·</span> 
     </span>
     <span class='ocr_line' id='line_1_32' title="bbox 353 3461 1306 3548; baseline 0.006 -24"><span class='ocrx_word' id='word_1_195' title='bbox 353 3462 450 3525; x_wconf 91' lang='lat' dir='ltr'>nium</span> <span class='ocrx_word' id='word_1_196' title='bbox 482 3471 678 3545; x_wconf 78' lang='lat' dir='ltr'>superatnS,</span> <span class='ocrx_word' id='word_1_197' title='bbox 703 3462 896 3527; x_wconf 83' lang='lat' dir='ltr'>coneordiae</span> <span class='ocrx_word' id='word_1_198' title='bbox 927 3461 1092 3545; x_wconf 81' lang='lat' dir='ltr'>indulsit3</span> <span class='ocrx_word' id='word_1_199' title='bbox 1123 3463 1306 3548; x_wconf 86' lang='lat' dir='ltr'>soedusque</span> 
     </span>
    </p>
   </div>
   <div class='ocr_carea' id='block_1_6' title="bbox 354 3562 1306 3646">
    <p class='ocr_par' dir='ltr' id='par_1_6' title="bbox 354 3562 1306 3646">
     <span class='ocr_line' id='line_1_33' title="bbox 354 3562 1306 3646; baseline 0.006 -22"><span class='ocrx_word' id='word_1_200' title='bbox 354 3579 432 3624; x_wconf 90' lang='lat' dir='ltr'>cum</span> <span class='ocrx_word' id='word_1_201' title='bbox 448 3562 607 3627; x_wconf 86' lang='lat' dir='ltr'>Cnutone</span> <span class='ocrx_word' id='word_1_202' title='bbox 627 3565 811 3646; x_wconf 90' lang='lat' dir='ltr'>percussit,</span> <span class='ocrx_word' id='word_1_203' title='bbox 834 3562 899 3628; x_wconf 91' lang='lat' dir='ltr'>sibi</span> <span class='ocrx_word' id='word_1_204' title='bbox 916 3562 1239 3643; x_wconf 86' lang='lat' dir='ltr'>West-Saxoniam,</span> <span class='ocrx_word' id='word_1_205' title='bbox 1253 3565 1306 3630; x_wconf 93' lang='lat' dir='ltr'>illi</span> 
     </span>
    </p>
   </div>
   <div class='ocr_carea' id='block_1_7' title="bbox 353 3834 1307 4241">
    <p class='ocr_par' dir='ltr' id='par_1_7' title="bbox 353 3834 1307 4241">
     <span class='ocr_line' id='line_1_34' title="bbox 390 3834 1307 3906; baseline 0.008 -20"><span class='ocrx_word' id='word_1_206' title='bbox 390 3834 398 3865; x_wconf 94' lang='lat'><strong>¹</strong></span> <span class='ocrx_word' id='word_1_207' title='bbox 410 3837 537 3902; x_wconf 81' lang='lat' dir='ltr'>Proeca&#39;pai</span> <span class='ocrx_word' id='word_1_208' title='bbox 549 3842 606 3887; x_wconf 80' lang='lat' dir='ltr'>tane</span> <span class='ocrx_word' id='word_1_209' title='bbox 616 3839 675 3900; x_wconf 82' lang='lat' dir='ltr'>uiri,</span> <span class='ocrx_word' id='word_1_210' title='bbox 686 3839 785 3888; x_wconf 71' lang='lat' dir='ltr'>abbates</span> <span class='ocrx_word' id='word_1_211' title='bbox 793 3843 817 3887; x_wconf 86' lang='lat' dir='ltr'>et</span> <span class='ocrx_word' id='word_1_212' title='bbox 876 3836 1182 3906; x_wconf 48' lang='lat' dir='ltr'>metamaucum]</span> <span class='ocrx_word' id='word_1_213' title='bbox 1193 3842 1307 3893; x_wconf 86' lang='lat' dir='ltr'>Accord-</span> 
     </span>
     <span class='ocr_line' id='line_1_35' title="bbox 353 3907 1305 3974; baseline 0.007 -18"><span class='ocrx_word' id='word_1_214' title='bbox 353 3908 479 3972; x_wconf 63' lang='lat' dir='ltr'>epircopi]</span> <span class='ocrx_word' id='word_1_215' title='bbox 492 3908 608 3958; x_wconf 89' lang='lat' dir='ltr'>Eadnoth</span> <span class='ocrx_word' id='word_1_216' title='bbox 618 3909 707 3971; x_wconf 85' lang='lat' dir='ltr'>bishop</span> <span class='ocrx_word' id='word_1_217' title='bbox 716 3907 744 3958; x_wconf 87' lang='lat' dir='ltr'>of</span> <span class='ocrx_word' id='word_1_218' title='bbox 751 3909 818 3958; x_wconf 89' lang='lat' dir='ltr'>Dor·</span> <span class='ocrx_word' id='word_1_219' title='bbox 841 3909 886 3972; x_wconf 81' lang='lat' dir='ltr'>ing</span> <span class='ocrx_word' id='word_1_220' title='bbox 904 3914 930 3958; x_wconf 91' lang='lat' dir='ltr'>to</span> <span class='ocrx_word' id='word_1_221' title='bbox 949 3910 992 3959; x_wconf 88' lang='lat' dir='ltr'>the</span> <span class='ocrx_word' id='word_1_222' title='bbox 1010 3911 1095 3960; x_wconf 77' lang='lat' dir='ltr'>Saron</span> <span class='ocrx_word' id='word_1_223' title='bbox 1107 3911 1251 3974; x_wconf 86' lang='lat' dir='ltr'>Chronicle,</span> <span class='ocrx_word' id='word_1_224' title='bbox 1260 3914 1305 3963; x_wconf 87' lang='lat' dir='ltr'>tha</span> 
     </span>
     <span class='ocr_line' id='line_1_36' title="bbox 353 3979 1307 4042; baseline 0.007 -15"><span class='ocrx_word' id='word_1_225' title='bbox 353 3979 461 4042; x_wconf 79' lang='lat' dir='ltr'>chester,</span> <span class='ocrx_word' id='word_1_226' title='bbox 482 3979 568 4028; x_wconf 86' lang='lat' dir='ltr'>Abbot</span> <span class='ocrx_word' id='word_1_227' title='bbox 589 3979 716 4042; x_wconf 85' lang='lat' dir='ltr'>Wulsige‚</span> <span class='ocrx_word' id='word_1_228' title='bbox 741 3979 816 4028; x_wconf 86' lang='lat' dir='ltr'>Earls</span> <span class='ocrx_word' id='word_1_229' title='bbox 840 3980 952 4041; x_wconf 86' lang='lat' dir='ltr'>meetiug</span> <span class='ocrx_word' id='word_1_230' title='bbox 966 3981 1081 4031; x_wconf 86' lang='lat' dir='ltr'>between</span> <span class='ocrx_word' id='word_1_231' title='bbox 1093 3982 1161 4031; x_wconf 87' lang='lat' dir='ltr'>Cnut</span> <span class='ocrx_word' id='word_1_232' title='bbox 1171 3983 1222 4032; x_wconf 91' lang='lat' dir='ltr'>and</span> <span class='ocrx_word' id='word_1_233' title='bbox 1237 3984 1307 4034; x_wconf 85' lang='lat' dir='ltr'>Ead-</span> 
     </span>
     <span class='ocr_line' id='line_1_37' title="bbox 353 4047 1306 4116; baseline 0.007 -19"><span class='ocrx_word' id='word_1_234' title='bbox 353 4047 460 4111; x_wconf 83' lang='lat' dir='ltr'>Aelfrie,</span> <span class='ocrx_word' id='word_1_235' title='bbox 483 4048 618 4112; x_wconf 87' lang='lat' dir='ltr'>Godwine‚</span> <span class='ocrx_word' id='word_1_236' title='bbox 640 4051 692 4098; x_wconf 86' lang='lat' dir='ltr'>and</span> <span class='ocrx_word' id='word_1_237' title='bbox 713 4049 817 4098; x_wconf 88' lang='lat' dir='ltr'>Aethel-</span> <span class='ocrx_word' id='word_1_238' title='bbox 840 4050 919 4098; x_wconf 90' lang='lat' dir='ltr'>mund</span> <span class='ocrx_word' id='word_1_239' title='bbox 928 4049 1069 4113; x_wconf 86' lang='lat' dir='ltr'>tookplace</span> <span class='ocrx_word' id='word_1_240' title='bbox 1078 4052 1306 4116; x_wconf 82' lang='lat' dir='ltr'>atOlanege‚near</span> 
     </span>
     <span class='ocr_line' id='line_1_38' title="bbox 353 4119 1306 4184; baseline 0.008 -18"><span class='ocrx_word' id='word_1_241' title='bbox 353 4119 451 4178; x_wconf 86' lang='lat' dir='ltr'>weard,</span> <span class='ocrx_word' id='word_1_242' title='bbox 472 4134 515 4169; x_wconf 91' lang='lat' dir='ltr'>are</span> <span class='ocrx_word' id='word_1_243' title='bbox 537 4119 591 4169; x_wconf 82' lang='lat' dir='ltr'>also</span> <span class='ocrx_word' id='word_1_244' title='bbox 610 4121 702 4169; x_wconf 90' lang='lat' dir='ltr'>named</span> <span class='ocrx_word' id='word_1_245' title='bbox 725 4135 816 4183; x_wconf 81' lang='lat' dir='ltr'>among</span> <span class='ocrx_word' id='word_1_246' title='bbox 841 4119 993 4184; x_wconf 62' lang='lat' dir='ltr'>Deerhursq</span> <span class='ocrx_word' id='word_1_247' title='bbox 1005 4136 1038 4170; x_wconf 91' lang='lat' dir='ltr'>an</span> <span class='ocrx_word' id='word_1_248' title='bbox 1049 4122 1134 4172; x_wconf 87' lang='lat' dir='ltr'>island</span> <span class='ocrx_word' id='word_1_249' title='bbox 1145 4139 1177 4173; x_wconf 90' lang='lat' dir='ltr'>on</span> <span class='ocrx_word' id='word_1_250' title='bbox 1188 4123 1306 4174; x_wconf 83' lang='lat' dir='ltr'>theriver</span> 
     </span>
     <span class='ocr_line' id='line_1_39' title="bbox 353 4187 944 4241; baseline 0.005 -4"><span class='ocrx_word' id='word_1_251' title='bbox 353 4187 396 4237; x_wconf 86' lang='lat' dir='ltr'>the</span> <span class='ocrx_word' id='word_1_252' title='bbox 407 4189 481 4240; x_wconf 79' lang='lat' dir='ltr'>elain.</span> <span class='ocrx_word' id='word_1_253' title='bbox 841 4190 944 4241; x_wconf 88' lang='lat' dir='ltr'>Sevem.</span> 
     </span>
    </p>
   </div>
   <div class='ocr_carea' id='block_1_8' title="bbox 0 0 1439 4890">
    <p class='ocr_par' dir='ltr' id='par_1_8' title="bbox 0 0 1439 4890">
     <span class='ocr_line' id='line_1_40' title="bbox 0 0 1439 4890; baseline 0 0"><span class='ocrx_word' id='word_1_254' title='bbox 0 0 1439 4890; x_wconf 95' lang='lat' dir='ltr'> </span> 
     </span>
    </p>
   </div>
  </div>
 </body>
</html>
