2858 4890
354 385 420 450 240
577 399 691 447 essm
715 398 841 447 aucun
867 398 1081 445 sucnonuu.
1165 382 1250 463 [mn
1270 397 1311 444 11.

356 559 504 642 replevit
520 557 696 622 monachis
712 555 942 638 regularibus.
976 549 1184 637 ¹Expulerat
1203 560 1311 618 antea

356 659 468 740 regali
478 658 637 742 jussione
654 656 879 721 Adelwoldus
896 655 1041 719 clericos
1059 655 1102 718 de
1112 654 1308 731 Wintonia,

356 760 417 842 qui
443 778 534 836 cum,
562 752 664 822 ²data
694 756 760 820 sibi
789 755 930 838 optione
953 763 992 819 ut
1016 761 1078 818 aut
1099 754 1308 837 regulariter

356 859 514 923 viverent
535 865 596 922 aut
613 859 690 922 loco
712 857 884 932 cederent,
906 857 1019 938 magis
1036 857 1144 919 vitam
1166 855 1307 919 mollem

356 959 554 1040 elegissent,
576 964 659 1022 tunc
684 965 760 1022 tota
784 956 899 1020 insula
921 956 1062 1019 incertis
1085 956 1307 1036 vagabantur

355 1059 507 1123 sedibus.
571 1057 630 1122 Ita
653 1058 707 1121 his
734 1057 845 1121 tribus
871 1056 954 1120 viris
982 1056 1178 1138 agentibus,
1204 1057 1307 1139 quasi

355 1158 503 1222 triformi
526 1158 655 1221 lumine
677 1156 843 1240 Angliam
867 1163 1061 1233 serenante,
1083 1156 1199 1219 densae
1222 1156 1305 1220 viti-

355 1278 455 1321 orum
482 1259 633 1322 tenebrae
649 1251 850 1321 ³evanuere.
901 1249 915 1287 ⁴
922 1255 1002 1335 Quo
1029 1256 1158 1320 factum
1181 1262 1247 1333 est,
1265 1263 1305 1320 ut

355 1357 516 1440 Edgarus
531 1357 810 1422 Glastonieusem
832 1355 1024 1434 ecclesiam,
1043 1375 1147 1441 quam
1168 1376 1306 1439 semper

277 1520 280 1525 .
354 1477 427 1540 prae
466 1459 623 1522 omnibus
662 1457 798 1533 dilexit,
844 1458 981 1538 magnis
1026 1457 1305 1539 possessionibus

354 1558 603 1640 amplificaret3
637 1566 672 1622 et
703 1558 738 1620 in
773 1556 943 1634 omnibus,
971 1576 1050 1639 quae
1078 1557 1121 1620 ad
1148 1557 1331 1621 ecclesiae.

354 1658 512 1722 decorem
540 1659 613 1724 sive
635 1657 822 1722 utilitatem
847 1658 1035 1738 pertinent,
1063 1664 1135 1721 tam
1157 1657 1304 1721 interius

354 1778 458 1841 quam
491 1759 645 1823 exterius
677 1758 887 1840 invigilaret.
950 1755 1178 1838 Privilegium
1205 1776 1303 1834 sane,

354 1859 446 1941 quod
472 1859 584 1923 eidem
606 1859 761 1924 ecclesiae
787 1857 947 1934 contulit,
974 1857 1054 1922 huic
1080 1863 1208 1921 nostrae
1231 1857 1304 1921 his·

353 1959 464 2037 toriae,
486 1960 578 2024 sicut
599 1962 635 2024 in
659 1978 776 2024 eorum
800 1957 945 2040 antiqua
967 1957 1110 2022 scedula
1126 1957 1208 2039 legi,
1232 1979 1304 2024 non

353 2066 407 2124 est
428 2060 615 2124 absurdum
629 2061 789 2124 inserere.

194 2175 308 2267 cem
405 2159 509 2244 §lou
528 2155 612 2224 ‘⁵In
625 2160 763 2225 nomine
780 2159 921 2224 Domini
936 2161 1046 2225 nostri
1055 2161 1079 2226 J
1082 2181 1143 2226 esu
1159 2159 1302 2224 Christi.

190 2277 333 2377 mnium
353 2258 523 2338 Quamvis
549 2260 689 2326 decreta
718 2260 919 2344 pontificum
946 2269 982 2325 et
1008 2264 1115 2327 verba
1140 2261 1302 2326 sacerdo-

387 2452 395 2486 ¹
409 2457 548 2520 Expulerat
560 2493 567 2507 .
581 2491 587 2506 .
601 2493 608 2507 .
620 2459 648 2506 de
664 2456 813 2520 Wintonia]
838 2469 893 2518 rex,
904 2457 971 2505 tilius
982 2455 1129 2505 Aedmundi
1139 2457 1216 2518 regis,
1226 2458 1303 2518 cujus

350 2526 405 2575 The
415 2527 516 2576 secular
521 2528 613 2588 priests
620 2543 687 2576 were
695 2528 813 2588 expelled
838 2527 951 2575 studium
963 2527 1057 2575 divinis
1068 2527 1180 2576 cultibus
1199 2527 1302 2587 potissi-

351 2596 414 2646 irom
425 2597 468 2646 the
479 2597 521 2646 old
533 2599 637 2646 minster
647 2602 674 2646 at
682 2598 814 2647 Winches·
838 2610 906 2644 mum
928 2597 1088 2660 invigilabat,
1115 2597 1149 2646 ad
1176 2601 1302 2646 monaste·

351 2671 390 2716 ter
401 2668 427 2715 in
438 2667 480 2717 the
492 2683 553 2729 year
568 2671 627 2730 963,
637 2668 672 2730 by
682 2669 813 2717 command
837 2667 903 2714 rium
921 2671 1015 2717 sanctae
1027 2668 1079 2717 Dei
1096 2667 1224 2729 genitricis
1241 2667 1301 2717 Ma·

351 2737 381 2786 ot
400 2738 471 2800 King
493 2739 605 2801 Eadgar.
623 2737 722 2804 (Thom.
741 2739 813 2787 Rud-
837 2737 883 2785 riae
905 2738 932 2786 in
950 2737 1134 2800 Glestingebiri
1155 2737 1301 2798 frequenter

352 2808 439 2870 borne,
460 2808 577 2858 Historia
598 2808 684 2870 Major
702 2808 813 2859 Winton.
837 2807 982 2871 adveniens,
993 2813 1019 2857 et
1030 2809 1137 2858 eundem
1147 2808 1230 2856 locum
1246 2808 1300 2858 cla·

351 2873 812 3012 Alghilhbailltltlhlum
836 2879 1300 3013 thllhhhtlt‘lthtt

351 3018 660 3083 inL.‘aregescilicet.‘
836 3017 911 3077 plura
942 3019 1128 3080 admodumque
1163 3019 1299 3080 magnifica

387 3085 398 3119 ⁸
409 3083 558 3157 Erubuere]
570 3088 604 3140 A.
613 3090 644 3138 L.
652 3089 714 3138 omit
724 3089 759 3137 all
769 3088 811 3137 the
836 3089 970 3152 privilegia
980 3090 1095 3152 contulit,
1106 3089 1231 3139 communi
1244 3091 1299 3150 epi-

350 3161 404 3207 text
422 3159 485 3208 from
504 3160 660 3209 ‘evanuere’
679 3165 704 3207 to
723 3156 736 3224 §
756 3163 812 3221 152,
836 3171 977 3222 scoporum,
998 3161 1127 3222 abbatum,
1148 3161 1298 3222 primorum·

349 3229 437 3299 ‘'Tunc
459 3231 522 3278 ordo
547 3231 700 3279 monasticus
710 3230 726 3289 ;’
748 3231 810 3279 Cl.
835 3243 885 3288 que
907 3231 1043 3291 pmvinciae
1066 3232 1179 3280 consilio.
1224 3231 1295 3282 Quo·

349 3299 423 3348 omits
440 3299 475 3348 all
493 3301 746 3364 to§ltl,‘1nterea
761 3315 811 3349 non
835 3312 891 3347 rum
909 3301 1018 3360 primum
1036 3306 1121 3350 estut
1139 3301 1225 3350 nullus
1245 3304 1296 3352 nisi

349 3367 487 3419 indecens!
834 3368 948 3430 ejusdem
969 3371 1020 3420 loci
1041 3371 1178 3420 monachus
1199 3372 1295 3422 ibidem

384 3436 395 3468 ⁴
408 3440 564 3498 Quassatam
574 3444 611 3488 est
623 3476 629 3490 .
643 3475 650 3490 .
663 3475 670 3489 .
682 3440 808 3504 insama]
834 3438 955 3502 fungetur
966 3441 1065 3490 abbatis
1082 3443 1180 3490 nomine
1192 3443 1231 3490 vel
1243 3443 1296 3493 offi-

349 3507 379 3557 S.
393 3510 447 3560 02.
459 3511 494 3558 D.
506 3511 539 3559 Ε.
553 3510 584 3559 F.
597 3511 632 3560 K.
644 3511 683 3561 M.
833 3509 890 3570 cio;
907 3525 953 3559 nec
965 3511 1031 3560 alius
1044 3512 1094 3559 nisi
1111 3526 1186 3573 quem
1202 3526 1295 3563 secun-

383 3575 434 3628 ὅῙιι
444 3579 538 3629 nomiae
549 3579 670 3640 Dotatae]
691 3581 739 3630 See
758 3580 809 3629 this
834 3580 894 3627 dum
905 3586 1015 3630 tenorem
1026 3581 1122 3644 regulae
1137 3585 1294 3633 concorditer

348 3648 447 3698 charter
481 3649 511 3700 ol'
542 3651 613 3713 King
643 3651 747 3714 Eadgar
782 3651 809 3699 in
833 3651 938 3713 elegerit
948 3652 1037 3712 parilis
1053 3657 1190 3702 conventus
1208 3667 1295 3704 assen-

348 3718 483 3770 Malmesb.
503 3720 715 3782 DeAntiquitate
732 3720 809 3770 Glas·
833 3721 880 3770 sio.
917 3722 993 3773 Quod
1016 3722 1038 3771 si
1055 3723 1160 3772 alterius
1177 3724 1228 3772 loci
1250 3725 1295 3774 ab·

346 3792 398 3838 ton.
418 3791 551 3842 Ecclesiae.
574 3791 663 3857 (Gale,
680 3804 720 3840 ιιι.
738 3788 808 3856 ³20.)
832 3791 916 3839 batem
927 3793 968 3841 vel
978 3792 1127 3841 monachum
1143 3793 1225 3842 eidem
1236 3795 1293 3845 loco

346 3859 400 3909 The
419 3861 478 3910 date
494 3875 523 3910 as
546 3863 567 3910 it
585 3861 654 3910 there
676 3876 766 3911 occurs
785 3862 807 3910 is
832 3862 928 3922 praefici
947 3863 1085 3913 necessitas
1100 3863 1232 3926 ingruerit,
1242 3881 1294 3915 non

346 3930 416 3981 Ab.
429 3932 649 3992 971,indict.x1v.
832 3932 910 3980 alium
927 3933 1023 3981 assumi
1042 3934 1141 3982 censuit
1157 3935 1207 3983 nisi
1217 3950 1293 3996 quem

382 4000 495 4050 Sections
513 4005 571 4064 loo,
583 4004 628 4049 151
641 4016 718 4050 occur
733 4002 760 4050 in
771 4001 807 4051 D.
832 4004 994 4066 congregatio
1005 4003 1087 4064 ipsius
1098 4006 1242 4054 monasterii
1252 4021 1295 4055 se·

346 4069 380 4120 Ε.
401 4071 433 4120 F.
453 4073 508 4131 M.;
532 4072 636 4120 omitted
654 4073 681 4119 in
699 4071 728 4120 S.
750 4073 807 4122 02.
832 4073 943 4121 cundum
960 4073 1072 4122 timorem
1089 4074 1141 4123 Dei
1157 4076 1207 4124 sibi
1224 4091 1293 4137 prae·

346 4140 381 4188 K.
390 4140 474 4190 which
483 4141 806 4203 readinstead,‘Gloriosae
831 4156 887 4191 esse
902 4144 1023 4206 elegerit:
1040 4149 1124 4193 tamen
1138 4160 1169 4194 ne
1181 4146 1228 4196 hoc
1239 4148 1293 4210 liat,

343 4211 963 4281 recordationisEdgarus,Anglorum,observato
981 4215 1130 4264 omnimodis
1153 4217 1175 4265 si
1197 4217 1292 4267 ibidem
