2858 4890
332 357 375 422 82
551 368 664 423 casua
687 367 814 416 aucun
833 366 1053 415 'suenorum
1153 349 1239 432 [nm.
1257 366 1282 412 1.

334 521 561 591 ¹monasteria
577 526 703 590 ibidem
720 524 929 601 construxit,
946 524 1094 588 alterum
1110 508 1219 599 Petri,
1231 521 1283 585 al·

333 635 446 693 terum
469 626 572 690 Pauli
600 626 749 702 nomine,
776 625 934 689 caritatis
952 630 987 687 et
1006 623 1137 703 regulae
1156 623 1283 685 unione

334 746 403 789 non
420 725 664 808 discrepantia.
717 724 836 808 Hujus
859 722 1065 786 industriam
1087 729 1122 785 et
1147 722 1284 804 patien-

335 826 422 890 tiam
455 825 638 888 mirabitur
664 825 724 905 qui
754 824 848 905 leget
878 817 1021 885 ²librum
1053 841 1155 904 quem
1186 819 1285 883 Beda

336 925 530 1008 composuit
553 911 693 987 devita
719 922 794 1006 ejus
822 929 858 985 et
883 923 1093 1004 reliquorum
1119 921 1285 983 abbatum

336 1042 488 1088 suorum.
559 1022 783 1098 Industriam,
825 1021 918 1103 quod
951 1021 1087 1103 copiam
1119 1020 1286 1083 librorum

337 1122 531 1198 advexerit,
562 1121 654 1204 quod
681 1121 831 1185 artifices
856 1120 1071 1202 lapidearum
1097 1119 1223 1184 aedium
1251 1125 1287 1182 et

338 1222 526 1287 vitrearum
543 1222 771 1285 fenestrarum
790 1220 922 1302 primus
952 1219 1103 1283 omnium
1120 1217 1287 1300 Angliam

337 1322 512 1398 asciverit,
540 1327 651 1384 totum
677 1338 764 1401 pene
786 1313 916 1383 ³eevum
943 1319 1167 1400 transigendo
1189 1338 1288 1401 pere·

338 1421 524 1502 grinatus3
577 1419 706 1502 quippe
747 1419 862 1482 studio
898 1418 1090 1483 advehendi
1129 1419 1288 1500 cognatis

338 1519 479 1602 aliquod
503 1519 682 1581 insolitum
708 1537 805 1582 amor
830 1518 953 1599 patriae
978 1525 1014 1581 et
1039 1518 1202 1600 voluptas
1219 1518 1288 1581 ele·

339 1619 467 1700 gantiae
493 1637 636 1700 asperos
670 1617 836 1681 fallebant
868 1617 1024 1680 labores:
1058 1636 1170 1701 neque
1198 1617 1288 1680 enim

340 1724 421 1784 ante
455 1717 683 1781 Benedictum
716 1716 844 1799 lapidei
881 1717 1058 1780 tabulatus
1096 1716 1219 1783 domus
1252 1717 1290 1779 in

340 1818 524 1891 Britannia
553 1817 621 1879 nisi
650 1836 793 1899 perraro
821 1815 1038 1893 videbantur,
1068 1835 1179 1898 neque
1211 1836 1290 1898 per·

341 1917 527 1999 spieuitate
552 1916 635 1979 vitri
661 1923 844 1999 penetrata
868 1916 980 1979 lucem
1006 1914 1137 1978 aedibus
1165 1915 1290 1978 solaris

337 2015 492 2098 jaciebat
508 2014 639 2080 radius.
691 2015 914 2092 Patientiam,
926 2014 1018 2097 quod
1027 2016 1064 2078 in
1072 2015 1292 2097 possessione

343 2115 492 2178 coenobii
524 2115 637 2177 sancti
662 2113 851 2196 Augustini
876 2114 969 2197 apud
995 2114 1221 2179 cantuariam
1248 2113 1291 2177 li·

326 2215 464 2277 benter
480 2214 631 2277 venienti
647 2205 822 2278 4Adriano
847 2214 1002 2292 cesserit,
1025 2235 1095 2278 non
1121 2214 1292 2278 reveritus

342 2314 437 2376 beati
471 2312 646 2376 Theodori
677 2314 928 2396 archiepiscopi
958 2314 1191 2396 supercilium,
1230 2313 1293 2376 sed

344 2419 528 2476 veneratus
546 2412 797 2493 magisterium.
850 2413 965 2492 Quod,
983 2413 1064 2477 dum
1081 2432 1144 2495 per
1160 2412 1293 2477 alienas

344 2518 456 2575 terras
490 2513 637 2575 cursitat
670 2512 730 2575 diu
766 2515 903 2590 absens,
938 2513 1237 2576 subintroductum
1271 2531 1294 2575 a

344 2611 522 2674 monachis
555 2611 786 2689 Wirensibus,
820 2631 858 2675 se
891 2612 1099 2688 inconsulto,
1133 2613 1293 2675 abbatem

345 2706 596 2791 aequanimiter,
617 2711 724 2775 immo
756 2711 1034 2792 magnanimiter,
1067 2711 1198 2788 tulerit,
1232 2711 1294 2776 do-

344 2829 506 2892 mumque
531 2830 691 2874 reversus
716 2811 862 2893 parilem
886 2811 937 2874 illi
962 2810 1127 2875 honorem
1151 2811 1187 2874 in
1213 2831 1295 2876 con·

345 2927 445 2972 sessu
468 2910 505 2972 in
530 2910 624 2974 omni
649 2930 753 2992 porro
778 2916 953 2992 potestate
978 2912 1292 2975 communicaverit.

346 3006 442 3085 Quin
453 3014 488 3071 et
497 3009 588 3073 ictus
605 3009 760 3091 paralysi
777 3016 849 3072 tam
865 3008 981 3073 valide
998 3017 1038 3073 ut
1053 3010 1139 3073 nihil
1156 3017 1295 3073 artuum

345 3108 377 3170 ei
394 3113 488 3169 esset
504 3107 668 3184 flexibile,
685 3108 826 3171 tertium
841 3109 1072 3184 constituerit,
1089 3108 1181 3190 quod
1194 3110 1295 3187 alter,

345 3206 388 3269 de
406 3225 475 3287 quo
492 3205 655 3283 diximus,
673 3207 794 3270 eadem
816 3227 885 3270 non
907 3207 1026 3271 mitius
1048 3208 1297 3290 decoqueretur

344 3302 555 3369 valetudine.
624 3304 780 3389 Cumque
818 3308 958 3370 morbus
998 3308 1193 3370 increscens
1221 3307 1297 3390 jam

344 3474 431 3520 return
441 3472 468 3517 to
479 3469 597 3532 England
607 3469 639 3518 he
655 3472 774 3521 obtained
792 3489 808 3522 a
832 3468 951 3541 aarum]
970 3473 1043 3522 Beda
1053 3478 1132 3523 wrote
1143 3474 1185 3523 the
1197 3474 1260 3524 lives
1270 3473 1301 3524 oi

344 3539 518 3588 considerable
524 3540 640 3600 quantity
646 3540 675 3588 ol
681 3541 741 3590 land
748 3557 810 3592 near
833 3542 957 3590 Benedict
967 3543 1062 3604 Biscop
1073 3544 1124 3592 and
1139 3544 1180 3592 his
1195 3558 1297 3594 succes·

344 3609 387 3657 the
397 3609 485 3657 mouth
495 3609 524 3658 os
531 3610 573 3657 the
584 3610 670 3671 Wear,
680 3611 766 3660 where
776 3612 808 3660 he
833 3625 896 3673 sors,
919 3611 1042 3661 Oeolfrith
1060 3612 1111 3661 and
1129 3614 1298 3674 Huaetberbt,

343 3677 809 3731 builtthetvvomonasteriesot‘wlrich
833 3682 922 3729 abbots
940 3681 969 3729 of
984 3682 1148 3731 Wearmouth
1172 3683 1223 3731 and
1238 3683 1298 3733 Jar·

344 3748 377 3796 he
398 3763 454 3797 was
477 3749 562 3800 abbot.
607 3748 650 3798 He
669 3749 730 3798 died
750 3752 808 3800 leth
832 3765 895 3812 rovv,
909 3751 1104 3812 intvvobooks3
1120 3752 1298 3814 publishedby

344 3818 527 3879 Januaryoeo.
833 3821 874 3868 Sir
883 3820 972 3870 James
982 3822 1059 3870 Ware
1069 3821 1096 3869 in
1108 3825 1182 3884 1664,
1197 3823 1248 3872 and
1264 3823 1299 3885 by

381 3885 547 3936 ¹Mouueteria
553 3887 643 3936 ibidem
649 3889 808 3952 reuocauit]
834 3890 881 3939 Dr.
893 3891 974 3938 Smith
985 3891 1011 3939 in
1024 3895 1096 3942 1⁷22.

345 3954 399 4005 'l'he
418 3958 580 4007 monasterias
597 3958 626 4007 os
644 3959 808 4008 Wearmouth
864 3954 1001 4026 Ἔπη]
1025 3962 1072 4021 Ε.;
1098 3960 1163 4010 after
1179 3961 1301 4027 ‘arvum’

345 4027 396 4075 and
406 4028 515 4077 Jarrovv.
833 4025 902 4078 As.
913 4031 942 4078 G.
952 4031 987 4078 D.
994 4031 1026 4080 L.
1034 4032 1072 4081 M.
1084 4032 1145 4081 read
1156 4032 1164 4060 ‘
1176 4033 1257 4084 talia!

380 4092 582 4160 2Lr'lrumquem
593 4099 663 4146 Beda
679 4097 809 4159 conposuit
868 4095 1020 4165 ⁴Adriane]
1038 4102 1085 4150 See
1103 4107 1186 4164 antea,
1204 4108 1262 4154 note
1279 4101 1298 4166 ³,

346 4167 375 4212 de
385 4166 437 4214 cita
447 4168 499 4227 qiua
506 4171 530 4215 et
540 4167 686 4229 reliquorum
696 4167 809 4216 &butam
832 4183 856 4228 p.
871 4172 912 4218 21.
