2858 4890
188 388 262 436 nin.
278 370 323 454 n]
414 384 529 440 ensrs
553 390 680 440 nncuu
704 392 917 442 nucnonuu.
1098 379 1143 443 37

186 542 322 609 nachns
344 553 381 611 et
398 548 507 613 abbas
534 549 659 628 sactus,
683 557 763 634 post
785 550 918 633 aliquot
941 552 1051 615 annos
1076 571 1139 616 na·
1152 574 1298 617 amaa·

187 651 277 710 tnrae
300 648 417 713 cessit.
468 647 580 734 Cujus
606 650 807 714 assertionis
825 670 960 714 omnem
989 652 1139 718 absolvit
1151 625 1299 676 ‘mim'

186 742 389 829 scrnp'nlurn
401 747 491 813 visio
515 750 696 835 cujusdam
718 749 848 826 fratris,
872 752 933 832 qni
958 758 1038 833 post
1062 753 1136 816 obi-

187 850 262 908 tnm
284 847 378 911 beati
399 847 478 925 viri,
496 849 572 933 Jam
594 858 740 914 nutante
760 850 925 914 memoria
951 858 1066 914 utrum
1088 851 1136 916 ibi

85 974 89 981 ·
185 945 377 1010 inonachus
397 955 436 1012 et
457 949 564 1012 abbam
584 948 700 1027 fuerit,
722 969 802 1014 cum
826 949 871 1013 de
889 948 955 1014 hoc
974 948 1136 1032 frequens

185 1052 380 1111 verteretur
392 1049 551 1130 quaestio,
573 1049 635 1117 tali
658 1049 881 1113 confirmatus
901 1057 955 1113 cst
979 1050 1133 1116 oraculo.

185 1141 377 1211 Rcsolutns
414 1147 504 1211 enim
537 1149 575 1212 in
609 1168 781 1231 soporem,
810 1147 905 1213 visus
932 1157 987 1212 est
1014 1149 1133 1215 audire

183 1244 359 1325 quendam
383 1246 566 1330 legentem,
593 1256 674 1331 post
701 1248 811 1311 multa
841 1248 916 1331 ejus
951 1248 1131 1328 miracula,

182 1335 259 1408 hae'c
273 1346 393 1423 verba,
413 1346 509 1411 ‘Hic
522 1347 630 1430 igitur
643 1347 900 1429 metropolitani
913 1347 1010 1430 pallii
1030 1368 1131 1413 sanc-

181 1443 284 1508 titate
308 1445 491 1511 decoratus
525 1454 601 1527 est,
634 1447 853 1530 postmodnm
874 1466 957 1511 vero
980 1447 1036 1510 hic
1058 1468 1131 1512 mc-

181 1543 315 1609 nachns
338 1552 375 1610 et
394 1547 502 1611 abbas
524 1546 660 1611 factus!
709 1544 850 1630 Adjecit
868 1547 972 1610 etiam
994 1554 1034 1609 nt
1061 1566 1130 1611 non

180 1641 316 1727 integre
352 1646 505 1711 credenti
549 1647 659 1712 literis
695 1647 808 1710 aureis
853 1645 945 1729 qnod
993 1644 1130 1711 dixerat

179 1743 347 1827 scriptum
378 1746 582 1810 ostenderet.
649 1746 810 1810 Excessit
838 1764 921 1826 ergo
954 1743 1128 1809 Patricius
1143 1766 1243 1808 carnot

179 1860 272 1908 anno
300 1846 415 1909 aetatis
449 1847 636 1910 centesimo
663 1847 856 1921 undecimo,
882 1846 1129 1909 incarnationis
1141 1819 1258 1910 {effla

178 1934 673 2028 Domini'qnadringentesimo
692 1944 945 2028 septuagesimo
967 1945 1129 2024 secundo,

178 2043 239 2123 qni
254 2042 320 2108 fnit
334 2062 446 2108 annus
459 2066 503 2110 ex
520 2066 589 2128 qno
605 2045 811 2110 Hiberniam
830 2045 954 2107 missus
976 2053 1030 2108 est
1041 2065 1127 2128 qua·

176 2142 392 2226 dragesimus
417 2146 595 2229 septimus.
648 2144 850 2228 Requiescit
871 2146 908 2207 in
932 2143 1055 2208 dextro
1078 2146 1129 2209 la·

175 2233 254 2307 tere
266 2243 386 2308 altaris
399 2252 547 2310 vetustae
569 2245 735 2321 ecclesiae,
750 2245 787 2307 in
808 2244 986 2326 pyramide
1004 2264 1124 2322 saxea,

174 2361 281 2425 qnam
320 2352 464 2426 argento
501 2345 642 2410 vestivit
677 2351 893 2427 posterorum
931 2342 1122 2424 diligentia

175 2441 273 2506 Hine
304 2443 592 2509 Hiberniensibus
621 2462 696 2507 mos
724 2443 866 2507 inclitus
897 2443 940 2505 ad
975 2462 1121 2508 exoscu-

173 2542 298 2606 landas
313 2546 451 2626 patroni
465 2545 629 2627 reliquias
644 2543 758 2607 locum
772 2542 999 2626 frequentare.

225 2641 311 2726 §aa
335 2641 436 2708 Unde
461 2652 497 2708 et
522 2639 697 2708 ¹sanctum
720 2642 921 2706 Indractum
937 2649 972 2706 et
985 2644 1123 2707 beatam
1135 2665 1165 2703 st.
1174 2663 1268 2722 uarat.

173 2741 365 2824 Brigidam,
389 2742 569 2808 Hiberniae
598 2763 668 2808 non
697 2743 862 2806 obscuros
889 2742 1032 2818 incolas,
1055 2741 1122 2806 huo
1135 2713 1267 2762 mm

170 2840 255 2906 clim
265 2861 474 2908 commeasse
487 2843 726 2908 celeberrimus
741 2847 923 2905 sermoest.
966 2840 1122 2921 Brigida,

170 2940 319 3028 (relictis
338 2942 543 3025 quibusdam
566 2943 638 3006 suis
661 2941 866 3022 insignibus,
888 2939 1008 3003 monili
1025 2940 1121 3004 vide-

168 3040 253 3106 lieet
280 3061 364 3124 pera
392 3049 427 3107 et
457 3042 654 3107 textrilibus
678 3040 794 3117 armiS,
818 3058 897 3123 quae
926 3036 1037 3102 adhuc
1058 3060 1122 3122 pro

165 3133 368 3205 sanctitatis
390 3143 556 3206 memoria
583 3146 816 3216 ostentantur,
846 3145 881 3202 et
909 3139 1037 3202 morbis
1069 3140 1121 3203 di·

166 3241 282 3305 versis
306 3239 515 3327 medentur,)
540 3248 656 3305 utrum
684 3241 821 3303 domum
844 3258 993 3317 reversa,
1009 3258 1054 3302 an
1073 3240 1121 3303 ibi

170 3341 343 3423 acceperit
386 3359 543 3425 pausam,
571 3341 751 3405 incertum.
826 3337 984 3403 Alterum
1015 3339 1122 3422 juxta

163 3439 389 3514 ‚Glastoniam
426 3441 687 3524 martyrizatum
717 3459 795 3503 cum
832 3439 935 3502 sociis
976 3445 1120 3521 septem,

167 3631 295 3695 however,
330 3632 510 3692 satisfactorily
537 3632 631 3693 proved
658 3631 723 3692 bury
734 3634 812 3679 wrote
829 3644 845 3678 a
861 3629 948 3679 lileoi
960 3629 1121 3689 Stlndract,

163 3701 223 3750 that
249 3701 300 3751 this
327 3702 415 3752 Patric
440 3702 538 3751 neither
563 3703 632 3751 lived
658 3701 768 3749 ‘Passio
785 3700 872 3749 Sancti
890 3698 1021 3759 Indraeti,’
1036 3696 1121 3746 which

164 3786 215 3820 nor
231 3785 286 3821 was
302 3772 393 3821 buried
410 3778 437 3822 at
448 3772 631 3833 Glastonbnry.
651 3770 704 3818 ⁴hus
714 3785 791 3819 never
800 3771 864 3818 been
883 3769 992 3830 printed.
1026 3765 1051 3813 Α
1073 3769 1121 3816 fine

167 3840 344 3902 Malmesbury
359 3846 438 3890 wrote
458 3857 474 3890 a
489 3841 534 3890 life
551 3841 579 3888 oi
595 3842 632 3891 St.
658 3841 813 3900 manuscript
823 3839 851 3887 ol
859 3838 910 3888 this
920 3835 992 3886 work
1007 3837 1030 3884 is
1041 3836 1067 3883 in
1079 3836 1121 3885 the

167 3910 303 3973 Paniain
317 3916 369 3960 two
382 3911 472 3973 books,
482 3911 529 3960 but
538 3926 571 3959 no
581 3925 633 3960 ma·
659 3910 782 3958 Bodleian
802 3910 906 3969 library.
942 3907 968 3954 It
989 3907 1012 3954 is
1033 3906 1122 3955 abbre-

160 3981 284 4043 nusoript
304 3980 333 4029 of
357 3982 378 4029 it
399 3983 422 4032 is
450 3996 508 4029 now
529 3981 632 4031 known.
658 3981 744 4029 viated
770 3980 797 4027 in
818 3979 886 4029 John
908 3976 938 4026 ol
955 3976 1122 4037 Tynemouth,

168 4049 397 4114 Leland(Colleot.
416 4064 457 4100 111.
470 4053 527 4100 273.
553 4050 634 4099 Lond.
660 4051 735 4099 Nova
757 4048 877 4110 Legenda
903 4047 1015 4108 Angliae,
1037 4044 1121 4093 which

168 4123 243 4183 1770,
261 4117 331 4186 svo.)
342 4120 399 4183 has,
414 4121 540 4177 however,
559 4121 634 4182 given
659 4120 705 4169 has
716 4121 780 4168 been
791 4118 890 4179 printed
901 4116 982 4165 under
992 4115 1034 4163 the
1048 4129 1121 4164 name

168 4194 280 4239 exhacts
290 4190 393 4240 lromit.
659 4189 688 4238 of
708 4188 863 4250 Capgrave's
891 4185 1012 4249 Legenda
1046 4185 1121 4234 Nova

191 4258 200 4290 ¹
211 4261 329 4311 Sanctum
337 4254 502 4329 laidradum]
514 4260 635 4310 Malmes-
660 4258 821 4322 Angliee,sol.
831 4261 878 4306 188
887 4258 910 4307 b.
922 4256 1035 4318 London,
1048 4259 1120 4316 lbld.
