2858 4890
163 405 305 487 crs.11.]
383 421 497 469 cnsrn
521 421 647 469 aucun
672 419 884 470 unctorum.
1049 405 1114 472 381

120 632 125 640 .
163 583 254 646 riens
277 578 446 659 exhibuit,
470 601 573 666 quam
596 580 652 644 hic
675 600 737 662 per
758 574 1041 662 anticipationem
1061 579 1114 643 di·
1128 617 1221 660 emm„

163 701 252 747 cam.
304 682 393 747 Cum
424 683 515 746 enim
546 681 650 745 biduo
681 681 829 762 elinguis
856 679 1036 763 jacuisset,
1059 680 1116 744 die

165 783 268 846 tertio
285 790 366 866 post
382 802 541 864 soporem
567 781 721 864 graviter
746 800 787 844 ac
811 780 980 862 profunde
1002 781 1115 863 suspi-

165 902 258 961 rans,
292 883 436 960 ‘Deus,'
463 881 588 965 inquit,
620 880 873 963 ‘omnipotens,
900 880 946 943 si.
962 899 1045 958 non
1062 888 1116 946 est

165 982 352 1047 fantastica
372 983 499 1060 illusio,
521 982 582 1045 sed
600 1000 710 1044 verax
727 979 829 1058 visio,
845 999 950 1062 quam
964 979 1047 1057 vidi,
1070 981 1116 1045 da

167 1083 252 1145 mihi
272 1083 473 1146 facultatem
495 1101 572 1146 eam
602 1081 797 1144 astantibus
823 1080 1030 1163 exponendi,
1054 1089 1116 1146 aut

167 1201 381 1247 econverso.
436 1183 495 1247 Ita
516 1200 600 1245 mox
618 1181 782 1263 expedita
801 1181 951 1262 loquela,
968 1181 1116 1259 ‘Duosss

166 1282 292 1365 inquit,
314 1283 436 1347 ‘modo
454 1280 641 1345 monachos
656 1281 728 1344 vidi
743 1280 827 1344 mihi
839 1281 1014 1358 assistere,
1028 1301 1115 1363 quos

167 1382 368 1447 adolescens
393 1382 475 1447 olim
496 1382 533 1445 in
561 1380 779 1445 Normannia
799 1380 953 1445 videram
976 1382 1115 1464 religio·

168 1482 304 1546 sissimo
319 1482 451 1547 vixisse
472 1489 507 1546 et
521 1481 816 1545 christianissime
833 1481 958 1545 obisse.
1011 1481 1061 1545 Hi
1078 1501 1115 1546 se

168 1582 236 1646 Dei
268 1583 412 1647 nuncios
439 1582 588 1666 praefati,
612 1581 699 1645 talia
727 1581 921 1663 ingessere:
945 1586 968 1615 “
982 1580 1115 1660 Quoni-

168 1700 225 1744 am
243 1683 410 1765 primores
428 1681 579 1764 Angliae,
597 1681 713 1757 duces,
727 1682 891 1764 episcopi,
906 1688 943 1744 et
959 1683 1114 1761 abbateS,

169 1802 238 1846 non
255 1790 338 1846 sunt
354 1783 503 1846 ministri
521 1782 600 1858 Dei,
617 1782 678 1845 sed
702 1781 843 1858 diaboli,
856 1781 1000 1846 tradidit
1018 1783 1114 1847 Deus

168 1882 233 1946 hoc
254 1903 400 1965 regnum
422 1889 502 1966 post
516 1882 648 1946 obitum
674 1889 772 1946 tuum
796 1901 887 1946 anno
912 1901 982 1945 uno
1004 1889 1039 1946 et
1060 1883 1115 1947 die

167 2002 236 2046 uno
250 1983 287 2047 in
302 2002 406 2046 manu
420 1981 562 2060 inimici,
577 1984 927 2065 pervagabunturque
943 1983 1115 2047 daemones

168 2089 279 2146 totam
294 2083 383 2147 hanc
402 2083 566 2147 terram.''
617 2081 774 2165 Cumque
796 2101 861 2163 ego
883 2082 958 2145 haec
981 2102 1035 2146 me
1058 2103 1115 2147 os-

168 2190 346 2246 tensurum
369 2182 498 2267 populo
525 2183 684 2260 dicerem,
716 2183 880 2265 illumque
910 2183 1116 2264 poenitentia

168 2281 261 2347 facta
293 2284 519 2360 liberandum,
547 2284 727 2365 praemisso
756 2283 914 2365 exemplo
938 2281 1116 2347 Ninivita-

168 2403 256 2461 rum,
287 2384 534 2466 promitterem,
572 2388 593 2418 “
615 2382 822 2460 Neutrum,''
849 2384 960 2460 aiunt,
991 2384 1115 2465 “erit3

171 2482 253 2562 quia
277 2502 341 2548 nec
358 2483 425 2566 ipsi
444 2483 674 2565 poenitebunt,
696 2503 759 2547 nec
779 2484 877 2547 Deus
903 2484 952 2546 eis
976 2484 1115 2548 misere-

169 2581 295 2649 bitur.'’
345 2583 393 2648 Et
416 2584 567 2666 qnando,
591 2584 743 2665 inquam,
773 2587 948 2649 tantarum
975 2584 1116 2647 calami·

168 2688 280 2747 tatum
295 2683 451 2748 remissio
473 2684 604 2766 sperari
626 2684 765 2766 poterit.
817 2687 839 2718 “
852 2683 987 2760 Tunc,’'
1001 2684 1115 2766 inqui·

168 2790 243 2861 unt,
266 2785 400 2868 “quasi
413 2785 443 2847 si
457 2785 559 2848 arbor
571 2784 691 2848 viridis
716 2783 913 2848 succidatur
932 2784 968 2846 in
990 2784 1115 2863 medio,

168 2889 204 2946 et
220 2903 301 2965 pars
324 2885 477 2948 abscissa
497 2884 698 2968 deportetur
712 2903 734 2947 a
747 2884 867 2966 stipite
891 2884 995 2947 trium
1012 2883 1115 2967 juge-

168 3002 244 3047 rum
270 2986 397 3067 spatio,
419 3004 497 3049 cum
526 2985 601 3048 sine
627 2985 780 3066 quolibet
808 2984 1029 3061 adminiculo,
1052 3004 1116 3050 suo

167 3081 293 3147 iterum
313 3104 470 3149 connexa
493 3091 628 3163 trunco,
654 3085 798 3167 coeperit
823 3091 858 3149 et
880 3083 1022 3147 floribus
1050 3104 1115 3166 pu-

169 3184 307 3248 bescere
343 3192 380 3248 et
415 3185 548 3249 fructus
579 3185 781 3268 protrudere
814 3203 859 3247 ex
889 3184 1115 3249 coalescentis

169 3282 263 3348 succi
281 3282 397 3349 arllore
419 3285 577 3368 pristino,
592 3292 675 3349 tunc
689 3284 826 3349 demum
841 3281 969 3366 poterit
984 3285 1116 3367 sperari

168 3383 290 3447 talium
305 3386 473 3449 malorum
489 3384 700 3449 remissio.'’'

156 3467 165 3489 ⁹
219 3483 237 3568 ᾗ
253 3484 329 3548 227.
354 3485 473 3570 Hujus
489 3485 645 3550 vaticinii
657 3485 848 3561 veritatem,
866 3485 1025 3567 quamvis
1047 3505 1114 3549 cae·
1127 3521 1277 3577 suem.

168 3585 252 3647 teris
266 3584 477 3661 timentibus
489 3592 573 3649 tunc
588 3584 747 3666 Stigandi
759 3584 1008 3667 archiepiscopi
1023 3571 1183 3650 risus⁴¹⁸¹¹‘¹·

168 3685 373 3766 excepisset,
409 3685 555 3748 dicentis
583 3685 739 3749 vetulum
775 3685 959 3748 accedente
994 3687 1113 3750 morbo

168 3802 280 3866 nugas
301 3783 458 3849 delirare.
509 3783 629 3869 Hujus
655 3804 737 3866 ergo
758 3785 912 3848 vaticinii
931 3785 1113 3850 veritatem

168 3903 232 3947 nos
259 3885 468 3968 experimur,
490 3885 582 3967 quod
606 3885 737 3955 scilicet
761 3881 892 3965 Anglia
916 3890 1113 3948 exterorum

169 3983 262 4048 facta
283 3993 337 4050 est
362 3985 530 4050 habitatio
553 3992 589 4050 et
613 3985 883 4066 alienigenarum
913 3984 1113 4050 dominatio.

170 4083 299 4148 Nullus
322 4085 423 4150 hodie
450 4083 586 4168 Anglus
605 4084 661 4149 vel
685 4084 769 4161 dux,
789 4084 845 4149 vel
864 4084 1034 4166 pontifex,
1058 4085 1115 4148 vel

168 4186 299 4266 abbas3
323 4186 471 4267 advenae¹
482 4186 610 4271 quique
629 4185 768 4251 divitias
793 4191 828 4249 et
841 4184 974 4250 viscera
999 4205 1114 4250 corro-
