2858 4890
348 395 414 461 234
578 407 691 457 easrn
715 406 842 454 aucun
866 405 1078 454 nueuoauu.
1162 391 1246 472 [ura.
1266 407 1303 453 11.

351 574 387 631 ct
410 568 501 632 inter
531 585 568 629 se
592 566 798 645 mussitare;
821 566 917 629 solus
943 566 1162 642 Dunstanus,
1180 558 1189 595 ¹
1193 565 1303 649 juxta

352 668 498 731 nominis
517 667 571 731 sui
590 666 801 744 firmitatem,
824 665 909 729 nihil
935 665 1052 747 regale
1079 666 1303 748 supercilium

353 768 497 846 veritus,
538 767 776 831 lascivientem
814 765 1042 850 juvenculum
1075 767 1245 831 violenter
1284 787 1304 831 e

353 868 512 932 cubiculo
537 868 722 945 abstraxit,
749 875 785 932 et
800 860 813 897 ²
819 887 880 950 per
899 866 1055 930 Odonem
1073 867 1305 950 archiepisco-

352 988 436 1051 pum
453 967 610 1051 pellicem
623 967 805 1052 repudiare
820 976 991 1045 coactum,
1013 976 1218 1050 perpetuum
1236 969 1304 1031 sibi

351 1068 531 1132 inimicum
555 1068 648 1132 fecit.
702 1068 791 1132 Mox
817 1069 957 1144 etenim,
973 1067 1173 1131 miserrimis
1196 1069 1304 1132 satel-

354 1168 474 1232 litibus
492 1169 674 1245 subnixus,
695 1187 813 1232 omnes
830 1169 867 1231 in
881 1174 957 1233 tota
974 1166 1106 1249 Anglia
1120 1169 1304 1233 monastici

353 1268 483 1332 ordinis
507 1267 673 1347 homines,
691 1269 787 1351 prius
812 1268 962 1332 nudatos
987 1267 1193 1332 facultatum
1211 1288 1302 1332 aux-

352 1368 425 1442 ilio,
441 1375 521 1451 post
545 1369 651 1432 ctiam
673 1368 875 1451 deportatos
900 1369 1018 1446 exilio,
1045 1368 1304 1434 calamitatibus

189 1491 288 1550 naastan
303 1490 339 1529 aa·
352 1467 503 1551 indignis
532 1468 658 1533 affecit.
712 1468 833 1551 Ipsum
851 1467 1086 1547 Dunstanum,
1114 1469 1302 1548 monacho-

187 1541 269 1631 Ψ
283 1541 339 1580 ω’
351 1589 428 1632 rum
452 1569 697 1652 primicerium,
720 1562 775 1631 ³in
799 1568 998 1633 Flandriam
1022 1569 1196 1652 propellit.
1249 1570 1304 1635 Ea

351 1676 558 1752 tempestate
580 1669 687 1733 facies
709 1670 996 1734 monasteriorum
1021 1670 1117 1734 foeda
1141 1677 1176 1734 et
1198 1670 1303 1735 mise·

351 1770 470 1835 rabilis
487 1778 582 1850 erat3
605 1763 706 1834 4nam
719 1777 755 1834 et
771 1769 1069 1834 Malmeshiriense
1092 1770 1302 1850 coenobium,

351 1871 538 1953 plusquam
563 1870 722 1935 ducentis
750 1871 973 1954 septuaginta
999 1872 1098 1934 annis
1127 1891 1149 1935 a
1180 1891 1302 1935 mona-

352 1970 426 2034 chis
442 1971 687 2050 inhabitatum,
702 1972 878 2036 stabulum
893 1973 1094 2036 clericorum
1108 1971 1201 2036 secit.
1233 1972 1303 2036 Sed

352 2079 404 2147 tu,
415 2072 565 2135 Domine
577 2071 600 2136 J
603 2091 676 2150 esu,
689 2078 825 2136 creator
833 2080 869 2136 et
878 2079 1051 2136 recreator
1066 2080 1196 2150 noster,
1212 2072 1304 2138 hone

352 2170 493 2249 artifex,
516 2173 734 2255 multumque
765 2180 888 2254 potens
917 2172 1066 2236 formare
1098 2180 1218 2238 nostra
1243 2172 1304 2237 de-

352 2271 477 2335 formia
510 2292 573 2355 per
605 2273 684 2337 illos
710 2272 865 2337 homines
890 2273 1098 2355 irregulares
1122 2281 1158 2338 et
1180 2292 1304 2355 vagos,

353 2372 556 2436 thesaurum
574 2379 672 2437 tuum
686 2381 740 2438 tot
755 2375 856 2438 annis
875 2373 1029 2438 abditum
1042 2374 1078 2437 in
1094 2375 1206 2438 lucem
1220 2395 1302 2458 pro-

353 2472 494 2555 palasti,
512 2474 607 2537 beati
622 2472 775 2539 Aldelmi
792 2494 917 2559 corpus
942 2475 1031 2554 dico,
1052 2476 1144 2559 quod
1170 2476 1238 2558 ipsi
1259 2475 1304 2541 de

351 2580 445 2636 terra
475 2573 649 2638 elevatum
682 2576 718 2638 in
746 2577 885 2640 scrinio.
903 2575 1072 2641 locarunt.
1142 2572 1304 2641 Accessit

351 2673 554 2738 clericorum
588 2675 708 2757 gloriae
739 2677 867 2757 regalis
904 2676 1107 2754 liberalitas,
1135 2683 1176 2740 ut
1203 2675 1304 2741 daret

351 2781 473 2838 sancto
496 2775 676 2856 praedium,
703 2776 932 2858 amplitudine
960 2785 995 2840 et
1021 2777 1200 2841 vicinitate
1224 2777 1304 2860 ipsa

351 2883 659 2958 peropportunum.
718 2874 892 2940 Caeterum
916 2877 1020 2959 longe
1042 2877 1160 2941 horret
1182 2884 1304 2942 nostra

351 2975 517 3038 memoria
540 2995 646 3059 quam
668 2975 830 3040 immanis
852 2976 956 3041 fuerit
978 2978 1014 3040 in
1032 2977 1167 3061 reliqua
1183 2997 1303 3043 coeno-

350 3076 421 3153 bia,
433 3082 468 3139 et
480 3084 623 3160 propter
637 3077 750 3141 aetatis
767 3076 951 3155 lubricum,
966 3085 1002 3143 et
1017 3078 1157 3162 propter
1168 3079 1303 3162 pellicis

385 3308 484 3360 ¹Joxta
492 3311 641 3361 nominarat
642 3311 811 3376 firmitatem]
840 3311 963 3375 Compare
994 3314 1061 3363 Flor.
1085 3312 1200 3375 Wigom.
1230 3313 1302 3364 Am.

349 3381 373 3428 A
394 3382 491 3430 similar
512 3383 659 3444 expression
680 3397 771 3432 occurs
788 3383 813 3430 in
839 3387 896 3432 958.

350 3450 475 3514 Osbeme,
490 3451 532 3500 De
543 3452 603 3501 Vita
621 3451 648 3501 S.
666 3451 812 3502 Dunstaui:
875 3450 924 3501 3ln
933 3453 1219 3517 Funduampropelut]
1229 3454 1304 3504 Dun-

350 3521 420 3569 ‘Sed
431 3522 485 3584 ille,
496 3523 573 3584 juxta
586 3523 763 3585 etymologiam
771 3537 814 3571 no·
840 3527 897 3572 stan
906 3538 962 3573 was
973 3524 1096 3574 banished
1104 3523 1175 3572 An).
1182 3527 1240 3586 956,
1251 3526 1302 3574 and

350 3591 428 3640 minis
439 3593 489 3655 sui,
497 3595 527 3641 ut
538 3607 609 3641 mons
620 3594 758 3654 persistens
768 3593 815 3641 im·
840 3608 895 3643 was
906 3594 1062 3656 honourably
1072 3593 1189 3643 received
1208 3596 1242 3657 by
1253 3595 1304 3644 Ar-

351 3662 470 3712 mobilis!
502 3663 534 3711 Iu
555 3663 738 3725 Anglo·Saxon
762 3677 813 3712 nun
840 3665 900 3714 noul
919 3669 996 3714 count
1014 3665 1043 3714 os
1063 3665 1194 3715 Flandera.
1236 3665 1303 3715 (bu-

351 3732 464 3795 significa
475 3747 492 3781 a
503 3733 557 3795 bill,
569 3734 620 3782 and
631 3747 692 3782 sunu
704 3748 720 3783 a
731 3738 806 3783 alona
839 3736 942 3797 cerning
960 3736 1002 3784 the
1020 3735 1093 3798 place
1105 3734 1134 3783 os
1142 3735 1182 3783 his
1199 3735 1303 3786 banish·

394 3799 468 3851 'Per
487 3805 594 3853 Odorem
610 3804 814 3868 archiepiscopum
839 3808 915 3864 ment,
943 3820 985 3855 see
1011 3805 1143 3855 Adlardus
1170 3806 1303 3857 Blandini·

349 3873 460 3936 pellieem
470 3874 598 3938 repudiare
613 3870 741 3943 coactam]
760 3874 813 3923 The
839 3877 916 3939 ensis,
926 3877 967 3925 De
980 3877 1041 3925 Vita
1052 3875 1079 3926 S.
1090 3876 1228 3927 Dunstani.

349 3943 435 3992 Saxon
452 3944 585 3994 Chronicle
606 3949 693 4006 states,
715 3946 770 3994 that
787 3945 813 3993 in
873 3943 962 4002 ⁴Nam
977 3951 1003 3996 et
1020 3947 1230 3996 Molnwsba'ra'euse
1251 3982 1299 3999 ...

348 4013 391 4062 the
412 4029 474 4075 year
495 4020 554 4076 958,
572 4014 639 4078 Odo,
661 4015 812 4077 archbishop
836 4019 1059 4082 peropportunum]
1076 4017 1139 4066 This
1155 4019 1300 4081 paragraph

348 4083 378 4132 of
399 4083 567 4147 Canterbury,
586 4086 719 4146 separated
743 4087 813 4148 King
838 4103 927 4137 occurs
946 4089 1035 4138 almost
1045 4089 1118 4138 word
1135 4089 1174 4138 for
1184 4090 1254 4138 word
1272 4091 1299 4139 in

349 4154 450 4216 Eadwy
472 4157 522 4204 and
545 4155 678 4219 Aelsgyfa,
702 4158 812 4206 because
839 4158 955 4209 Malmes.
984 4159 1024 4208 De
1060 4160 1121 4209 Vita
1157 4159 1296 4212 Aldhelmi.

347 4224 407 4286 they
419 4240 485 4275 were
504 4231 544 4276 too
564 4227 650 4288 nearly
670 4228 812 4278 related-
839 4228 928 4295 (Angl.
940 4231 1009 4280 Sacr.
1021 4246 1080 4292 pars
1092 4243 1122 4281 11.
1136 4226 1188 4294 32.)
