2858 4890
220 582 251 623 st,
262 581 337 622 athel-

220 633 285 672 drlih.

220 983 251 1021 St.
262 981 334 1021 Ethel-

220 1033 283 1072 burh.

382 394 448 461 ³68
604 412 718 461 cusrn
743 410 870 460 aucun
896 406 1110 457 nncnoaun.
1188 392 1275 473 [niu.
1295 406 1336 453 11.

382 566 544 646 dritbam,
562 568 824 651 Ethelbnrgam,
837 568 1065 650 Sexburgam.
1097 566 1331 642 Etheldritha,

382 667 517 732 duobus
534 668 619 732 viris
642 676 764 752 nupta,
785 668 878 732 felici
895 662 971 754 (¹ut
994 667 1093 732 Beda
1114 673 1236 731 auctor
1258 663 1332 750 est)

382 769 607 846 continentia,
625 770 700 832 sine
725 769 799 833 ulla
826 768 968 850 pudoris
983 768 1136 851 Jactura,
1154 768 1229 829 sine
1255 766 1331 830 ulla

381 867 535 931 libidinis
569 869 693 946 urtica,
728 876 905 952 perpetuae
927 868 1140 948 virginitatis
1174 866 1331 929 lauream

383 966 473 1030 coelo
501 968 630 1031 victrix
658 968 827 1032 exhibuit.
880 966 1107 1048 Ethelburga,
1129 967 1165 1029 in
1191 985 1331 1029 monas-

382 1066 471 1130 terio
489 1065 616 1131 Galliae
635 1067 727 1151 quod
743 1067 871 1131 dicitur
886 1061 1036 1148 ²Brigis,
1053 1067 1330 1131 sanctimonialis

383 1167 544 1248 primum,
572 1167 695 1231 debinc
722 1167 910 1243 abbatissa,
935 1167 1081 1230 illibatae
1114 1167 1328 1246 integritatis

383 1266 564 1346 signaculo
581 1267 719 1332 floruit:
739 1275 774 1332 et
792 1268 986 1349 speciosum
1000 1273 1094 1330 certe
1110 1265 1202 1349 quod
1218 1266 1330 1329 ambae

383 1383 531 1442 sororeS,
549 1368 640 1431 sicut
654 1368 970 1451 concupiscentiam
987 1367 1101 1430 carnis
1123 1367 1159 1429 in
1182 1385 1220 1428 se
1236 1366 1328 1430 vivae

384 1464 600 1544 domuerant,
627 1467 678 1531 ita
711 1466 883 1531 defunctae
915 1467 1151 1548 incorruptam
1184 1464 1328 1528 eandem

383 1564 584 1646 praeferunt,
606 1567 668 1631 illa
690 1568 726 1631 in
743 1565 885 1648 Anglia,
911 1566 980 1629 ista
1002 1566 1039 1628 in
1056 1564 1186 1641 Gallia,
1208 1569 1249 1628 ut
1271 1584 1327 1628 ea-

384 1682 461 1728 rum
491 1668 673 1744 sanctitas,
696 1687 774 1749 quae
803 1665 939 1730 abunde
961 1665 1128 1746 fulgurat,
1154 1663 1327 1729 ‘sufficiat

220 1777 251 1818 St·
261 1775 365 1818 Subura
383 1766 540 1845 geminos
556 1767 723 1831 irradiare
739 1766 860 1850 polos!
897 1765 1092 1846 Sexburga,
1102 1765 1328 1828 Ercomberto

221 2248 252 2289 st.
263 2249 342 2290 Eteon-

221 2304 276 2347 goia.

220 2423 286 2462 hilda.

384 1865 458 1945 regi
473 1864 741 1930 Cantuariorum
757 1867 794 1929 in
811 1865 1067 1929 matrimonium
1084 1865 1178 1942 data,
1195 1870 1231 1927 et
1247 1872 1328 1946 post

384 1965 459 2048 ejus
484 1973 630 2030 mortem
657 1966 776 2030 velata
805 1967 842 2029 in
874 1965 994 2029 eodem
1020 1965 1230 2031 monasterio
1258 1983 1327 2046 quo

383 2083 483 2129 soror
504 2066 734 2147 Etheldritha,
762 2065 972 2148 praedicatur
1005 2072 1138 2128 sancta.
1192 2062 1328 2126 Habuit

385 2183 430 2228 ex
450 2165 511 2229 illo
536 2185 618 2248 rege
642 2167 733 2230 filias
756 2165 991 2246 Ercongotam
1018 2172 1054 2228 et
1079 2161 1325 2227 Ermenildam.

385 2257 459 2328 ³De
475 2265 675 2347 Ercongota
691 2266 780 2329 scire
797 2265 953 2329 volentes
978 2263 1081 2328 lectio
1099 2262 1205 2326 Bedae
1223 2260 1329 2326 infor-

219 2373 349 2412 sermon·
386 2364 506 2428 mabit.
543 2359 950 2450 4Ermenilda,Wulferio
964 2365 1037 2445 regi
1049 2363 1258 2426 Merciorum
1276 2361 1328 2425 lo·

221 2497 252 2538 sl,
263 2497 373 2539 mmm„
387 2471 478 2541 cata,
504 2465 626 2529 babuit
647 2465 754 2528 filiam
772 2464 1015 2547 Werburgam,
1032 2464 1203 2544 virginem
1230 2480 1329 2525 sanc-

387 2564 567 2629 tissimam.
620 2565 788 2648 Utraeque
814 2571 957 2641 sanctae,
978 2570 1091 2627 mater
1108 2562 1201 2644 apud
1223 2559 1330 2644 Hely,

385 2665 445 2728 ubi
462 2673 543 2747 post
558 2672 705 2729 matrem
719 2665 937 2745 Sexburgam
953 2663 1131 2728 abbatissa
1144 2657 1239 2738 ⁵fuit,
1255 2661 1327 2723 filia

386 2763 478 2847 apud
496 2765 674 2829 civitatem
685 2765 1060 2846 Legionum,pausant,
1071 2763 1108 2825 in
1118 2761 1328 2824 monasterio

385 2864 540 2946 ejusdem
574 2865 669 2928 urbis
700 2865 792 2947 quod
825 2863 1021 2928 construxit
1053 2863 1189 2925 noviter
1219 2860 1329 2941 Hugo

385 2983 499 3028 comes
527 2964 734 3042 cestrensis,
762 2963 883 3046 ejectis
905 2963 984 3027 inde
1012 2961 1171 3044 pauculis
1194 2959 1329 3024 clericis

384 3064 445 3145 qui
472 3064 599 3128 ibidem
619 3063 713 3128 foedo
741 3071 777 3127 et
802 3082 955 3146 paupere
971 3062 1067 3127 victu
1085 3061 1194 3125 vitam
1213 3067 1329 3123 trans-

384 3163 535 3244 igebant.
589 3164 730 3240 Earum,
751 3169 787 3226 et
808 3162 982 3246 praecipue
999 3160 1160 3245 junioriS,
1182 3160 1231 3222 ibi
1252 3159 1329 3222 lau-

384 3262 512 3326 dantur
542 3264 677 3341 merita‚
709 3262 927 3326 extolluntur
957 3260 1149 3340 miracula3
1182 3278 1329 3340 cumque

354 3388 356 3392 ·
383 3364 537 3427 omnium
560 3363 784 3446 petitionibus
819 3363 890 3426 sint
923 3362 1163 3425 incunctanter
1191 3357 1330 3422 favora-

419 3681 427 3711 ¹
443 3684 478 3732 Ut
489 3684 559 3733 Beda
574 3689 658 3733 auctor
668 3686 725 3748 esc]
744 3686 843 3736 Hister.
869 3684 924 3733 also
941 3684 1059 3734 Melmes.
1077 3682 1158 3733 Gesta
1175 3681 1237 3743 Reg.
1251 3681 1330 3744 Angl.

384 3754 484 3804 Eccles.
495 3755 583 3804 lib.1v.
595 3769 633 3805 cc.
645 3758 686 3817 19,
696 3759 737 3805 20.
869 3755 882 3817 §
895 3758 935 3817 ll,
946 3758 1004 3802 note
1018 3750 1037 3813 ¹,
1048 3768 1074 3814 p.
1085 3756 1127 3803 21.

418 3821 429 3854 ²
451 3824 572 3887 Brigia]
599 3825 784 3874 Faremonstier
811 3839 843 3873 en
911 3825 922 3854 ⁴
944 3824 1095 3883 Romaim,
1128 3820 1248 3881 Wulserio
1274 3821 1331 3884 regi

383 3894 453 3955 Eric,
474 3908 490 3942 a
512 3894 656 3944 celebrated
678 3894 843 3944 Benedictine
868 3893 1017 3943 diercimum
1036 3894 1123 3951 beatu,
1144 3891 1230 3940 babuit
1247 3890 1332 3955 filium

382 3978 505 4024 nunnery.
873 3963 1046 4025 Werbnrgum,
1061 3961 1183 4023 virginem
1204 3960 1331 4010 unctiori·

417 4030 478 4081 ³De
497 4033 636 4095 Ercongota
653 4033 716 4082 scire
738 4034 843 4082 edentes
867 4030 954 4100 ntum]
972 4034 1021 4082 See
1032 4037 1117 4093 antea,
1127 4045 1154 4093 p.
1166 4033 1223 4081 11⁰.

382 4102 452 4151 lectio
470 4103 544 4151 Bedoe
562 4103 723 4167 informabit]
744 4103 842 4153 Hister.
902 4101 912 4130 ⁶
936 4103 1019 4166 Fuit]
1045 4101 1119 4154 After
1140 4100 1221 4151 ‘suit'
1245 4096 1275 4152 S.
1297 4100 1330 4155 lo

383 4172 482 4222 Eccles.
494 4173 539 4222 bb.
551 4186 593 4223 ru.
605 4189 628 4224 c.
641 4178 666 4236 8,
682 4175 696 4236 ς
709 4177 765 4223 172.
794 4173 842 4222 See
867 4173 930 4224 read
941 4173 949 4202 ‘
960 4173 1005 4225 et.'
