2858 4890
310 406 376 472 386
535 422 649 471 crsrn
673 417 801 472 aucun
825 423 1038 474 suenorum.
1122 411 1208 494 [nro.
1227 426 1271 481 ιι,

154 602 276 647 aalma
316 581 398 665 quio
429 582 682 659 demeruerant,
714 583 941 648 constituens.
1004 581 1135 646 Eodem
1174 601 1271 645 anno

315 682 494 759 Tostinus,
509 701 530 744 a
546 681 712 745 Flandria
727 681 764 744 in
780 681 975 746 Humbram
1000 682 1140 764 navigio
1163 700 1269 744 sexa·

316 783 416 865 ginta
430 782 571 846 navium
584 781 732 858 delatus,
747 801 789 846 ea
804 802 883 864 quae
898 783 991 846 circa
1005 801 1101 845 oram
1115 781 1270 844 fluminis

319 887 418 946 erant
442 881 596 964 piraticis
621 881 881 945 excursionibus
903 882 1113 960 infestabat;
1140 881 1200 944 sed
1225 881 1271 942 ab

321 979 466 1045 Edwino
484 988 519 1044 et
536 980 757 1058 Morchardo,
772 982 951 1045 concordis
965 982 1131 1063 potentiae
1153 979 1272 1042 fratri·

320 1081 398 1157 bus,
415 1080 561 1161 impigre
576 1079 619 1142 de
633 1081 812 1162 provincia
828 1080 960 1163 pulsus
975 1098 1097 1144 versus
1117 1079 1272 1142 Scotiam

321 1179 401 1244 vela
414 1180 602 1243 convertit:
620 1180 669 1243 ibi
679 1180 754 1260 regi
764 1179 983 1256 Noricorum,
994 1173 1164 1242 lHaroldo
1175 1176 1273 1239 Har-

323 1298 443 1360 vagre,
458 1279 560 1342 obvio
583 1297 706 1341 manus
721 1278 827 1356 dedit,
843 1279 902 1361 qui
925 1298 1002 1341 cum
1026 1278 1189 1341 trecentis
1209 1295 1274 1338 na-

323 1377 424 1441 vibus
440 1375 605 1459 Angliam
620 1377 762 1458 aggredi
778 1379 1020 1441 meditabatur.
1060 1375 1173 1441 Ambo
1190 1395 1276 1457 ergo

325 1477 493 1540 consertis
530 1477 736 1540 umbonibus
773 1483 900 1540 terram
931 1476 1275 1540 Transhumbranam

325 1575 600 1658 populabantur3
617 1595 798 1657 germanos
813 1576 943 1639 recenti
959 1576 1105 1639 victoria
1120 1576 1276 1651 feriatos,

327 1674 387 1757 qui
408 1674 494 1737 nihil
516 1675 630 1737 minus
647 1694 750 1756 quam
767 1675 853 1738 talia
874 1675 1056 1740 latrocinia
1070 1680 1278 1751 metuerent,

327 1773 496 1854 aggressi,
507 1775 619 1838 victos
634 1776 727 1837 intra
742 1775 937 1837 Eboracum
951 1774 1144 1837 includunt.
1198 1773 1278 1835 Ha-

327 1872 458 1949 rolduS,
473 1874 600 1936 nuncio
624 1880 779 1956 accepto,
801 1873 934 1937 cunctis
952 1873 1079 1937 viribus
1094 1867 1211 1953 ²regni
1234 1893 1278 1935 eo

328 1971 526 2037 contendit:
542 1992 661 2054 pugna
673 1973 797 2053 ingens
815 1973 1009 2050 commissa,
1023 1973 1178 2054 utrisque
1194 1991 1278 2052 gen-

166 2085 279 2176 iiiiii
327 2070 420 2135 tibus
443 2078 599 2135 extrema
623 2072 659 2135 vi
681 2060 880 2137 nitentibus.
920 2070 1040 2153 Angli,
1064 2072 1277 2155 superiorem

166 2186 316 2276 pbrldsosert·
328 2189 467 2234 manum
482 2172 587 2248 nacti,
605 2170 754 2235 Noricos
768 2173 804 2234 in
819 2172 937 2253 fugam
947 2179 1110 2253 egerunt:
1128 2171 1187 2234 sed
1198 2178 1279 2234 tan-

193 2263 199 2275 ’
328 2275 442 2332 torum
468 2276 503 2332 et
530 2277 584 2333 tot
608 2270 759 2334 virorum
783 2271 964 2335 victoriam
990 2270 1100 2357 (quod
1131 2271 1279 2333 forsitan

328 2368 514 2449 posteritas
543 2366 679 2432 difficile
707 2368 843 2454 credat)
872 2390 961 2434 unus
991 2370 1141 2434 Noricus
1168 2370 1281 2432 multa

329 2466 415 2530 hora
437 2467 679 2548 interpolavit3
711 2469 891 2550 siquidem,
915 2471 950 2532 in
975 2469 1135 2549 ingressu
1162 2468 1280 2549 pontis

330 2567 390 2648 qui
414 2560 749 2647 ³Stantford-brigge
771 2566 896 2630 dicitur
925 2568 1128 2642 consistens,
1151 2585 1221 2629 uno
1244 2577 1283 2630 et

331 2666 441 2730 altero
456 2672 491 2729 et
507 2665 663 2747 pluribus
685 2672 813 2730 nostrae
827 2667 937 2748 partis
955 2665 1182 2748 interemptiS,
1205 2684 1281 2728 om-

331 2785 392 2828 nes
410 2784 432 2827 a
446 2765 595 2828 transitu
618 2765 740 2829 arcuit.
794 2763 970 2829 Invitatus
992 2765 1035 2828 ad
1057 2765 1282 2841 deditionem,

332 2871 372 2927 ut
387 2865 476 2927 tanti
488 2863 621 2928 roboris
635 2863 737 2927 homo
755 2863 890 2945 largam
912 2864 1127 2928 clementiam
1144 2861 1282 2943 Anglo·

246 3011 250 3021 .
332 2982 408 3026 rum
423 2963 649 3045 experiretur,
666 2963 854 3027 invitantes
871 2956 1025 3041 ridebat3
1042 2961 1198 3048 subinde,
1221 2981 1282 3024 ru·

333 3069 416 3144 gato
431 3062 530 3126 vultu
549 3061 773 3143 increpitans,
796 3062 976 3125 imbecillis
997 3062 1102 3125 animi
1124 3061 1283 3124 homines

334 3180 409 3224 esse
425 3161 484 3242 qui
497 3160 680 3242 nequirent
694 3162 755 3224 uni
779 3162 948 3224 resistere.
1002 3160 1149 3224 Nemine
1162 3159 1283 3240 itaque

333 3259 475 3341 propius
499 3259 695 3335 accedente,
710 3259 800 3342 quod
818 3259 1049 3324 inconsultum
1071 3259 1285 3323 aestimarent

334 3377 413 3420 cum
426 3357 487 3420 illo
504 3358 660 3422 cominus
682 3358 844 3440 congredi
865 3359 925 3440 qui
948 3359 1070 3422 salutis
1091 3377 1192 3421 omne
1208 3358 1286 3422 via·

334 3456 441 3519 ticum
464 3451 666 3538 desperatus
696 3456 896 3534 effunderet,
918 3476 1008 3521 unus
1033 3477 1078 3521 ex
1101 3455 1287 3520 collatera-

371 3742 503 3793 ¹Haroldo
523 3743 675 3808 Hereum]
697 3745 797 3794 Hareld
833 3790 836 3798 ,
859 3740 983 3813 magna]
999 3743 1286 3805 c.n.1‹:.;0mittedin

334 3814 425 3867 named
431 3814 473 3862 the
482 3814 656 3864 Fan-heheu:
671 3815 702 3863 he
714 3815 737 3864 is
748 3815 797 3863 fre-
823 3814 856 3864 A.
869 3816 898 3865 S.
912 3816 941 3864 L.

335 3884 440 3944 quently
451 3883 534 3931 called
552 3884 687 3932 Hardrade
707 3882 797 3949 (Seve-

335 3948 401 4015 rus),
412 3957 438 4000 to
445 3953 599 4014 distinguish
610 3954 662 4001 him
669 3953 732 4002 from
740 3953 796 4002 Ha·
857 3950 868 3982 ³
879 3950 1130 4013 montford-brigga]
1141 3949 1195 4000 The
1206 3950 1285 4000 battle

335 4021 393 4070 rald
405 4021 544 4084 Harfagra,
552 4022 610 4070 who
622 4037 677 4071 was
683 4027 795 4072 contem·
821 4021 850 4070 of
867 4022 1004 4072 Standt'ord
1016 4020 1111 4081 Bridge
1130 4019 1191 4068 took
1211 4021 1285 4082 place

336 4105 428 4151 porary
440 4091 503 4139 with
513 4091 618 4146 Aeit'red
629 4091 671 4141 the
683 4092 772 4142 Great.
821 4106 853 4139 on
864 4091 906 4141 the
918 4093 978 4141 ioth
989 4091 1019 4140 of
1026 4091 1097 4152 Sept.
1110 4092 1183 4138 loeo.

949 4306 973 4407 ,γ’
