2858 4890
348 361 414 426 210
572 374 686 423 susm
710 373 837 422 aucun
861 373 1074 422 nucnonuu.
1154 357 1300 439 [marr.

351 540 387 597 et
415 533 451 595 in
477 538 562 614 toga
595 530 757 594 nobiliter
788 535 1039 605 consummata,
1068 529 1190 611 paucis
1221 535 1304 592 ante

352 633 484 696 obitum
494 633 627 708 diebuS,
644 624 781 693 lurbem
796 629 1002 710 Legionum,
1017 629 1145 693 fiducia
1163 629 1305 692 Briton-

353 753 412 796 um
427 732 664 807 rebellantem,
681 750 703 793 a
727 729 947 794 contumacia
971 729 1204 811 compescuit:
1239 729 1305 791 ibi-

354 853 422 915 que
431 832 593 915 praesidio
602 831 751 894 militum
759 829 936 911 imposito,
946 823 1306 911 apud²Ferendunam

354 932 486 1009 villam,
495 938 610 996 tactus
621 929 830 1006 valetudine,
841 929 950 992 vitam
959 936 1165 1011 praesentem
1175 922 1305 1008 ³exuit3

355 1039 391 1096 et
412 1031 602 1108 Vintoniae,
630 1037 670 1094 ut
695 1029 855 1112 praedixi,
887 1029 1050 1093 humatus
1077 1036 1140 1093 est.
1192 1029 1306 1106 Tunc,

351 1132 454 1216 jussu
471 1132 581 1214 patris
599 1137 634 1194 et
650 1135 871 1206 testamento,
888 1129 1113 1193 Ethelstanus
1130 1130 1166 1192 in
1189 1149 1307 1210 regem
1379 1206 1382 1211 y

357 1232 569 1295 acclamatus
597 1237 662 1307 est,
690 1250 793 1313 quem
816 1229 892 1313 jam
922 1230 1122 1293 tricennalis
1154 1237 1240 1293 aetas
1273 1237 1309 1294 et

357 1332 538 1414 sapientiae
569 1331 752 1395 maturitas
784 1330 1082 1394 commendabant.
1146 1329 1239 1393 Nam
1272 1335 1308 1392 et

358 1451 446 1497 avus
463 1431 623 1496 Elsredus
645 1449 849 1514 prosperum
865 1431 896 1493 ei
913 1449 1057 1512 regnum
1073 1430 1156 1493 olim
1178 1431 1306 1512 impre-

359 1539 458 1596 catus
475 1532 600 1608 fuerat,
616 1531 738 1596 videns
754 1537 789 1594 et
805 1531 958 1611 gratiose
982 1530 1185 1613 complexus
1208 1549 1309 1613 spec-

359 1639 443 1696 tatae
476 1632 603 1715 speciei
635 1651 781 1714 puerum
813 1637 848 1694 et
880 1637 1041 1711 gestuum
1073 1630 1307 1712 elegantium3

358 1724 475 1814 4quem
484 1733 589 1795 etiam
599 1737 808 1814 praemature
824 1730 967 1794 militem
983 1729 1125 1807 fecerat,
1140 1731 1308 1795 donatum

360 1832 540 1915 chlamyde
565 1833 737 1908 coccinea,
753 1837 927 1912 gemmato
952 1830 1104 1907 baltheo,
1122 1850 1203 1894 ense
1219 1830 1308 1894 Sax-

360 1932 460 1997 onico
485 1952 564 1995 cum
589 1933 718 2013 vagina
744 1950 862 1994 aurea.
929 1929 1018 1994 Post
1045 1930 1119 1994 haec
1145 1932 1181 1994 in
1212 1931 1310 1993 curia

360 2030 440 2095 filiae
466 2031 669 2095 Ethelfledae
696 2038 731 2095 et
757 2031 875 2113 generi
904 2029 1066 2094 Etheredi
1093 2030 1309 2094 educandum

361 2138 563 2210 curaverat3
586 2131 645 2195 ubi
661 2131 770 2195 multo
787 2130 902 2196 studio
925 2132 1041 2195 amitae
1058 2137 1093 2194 et
1115 2131 1309 2214 praeclaris-

360 2231 438 2293 simi
460 2231 557 2294 ducis
578 2231 621 2293 ad
638 2250 738 2294 omen
755 2232 854 2312 regni
872 2230 976 2307 altus,
1003 2231 1116 2313 gloria
1138 2233 1306 2295 virtutum

359 2331 509 2395 calcavit
525 2337 561 2394 et
576 2332 703 2413 pressit
723 2332 902 2407 invidiam,
927 2338 1007 2413 post
1030 2339 1176 2396 mortem
1198 2332 1310 2413 patris

359 2437 396 2494 et
421 2431 598 2495 interitum
626 2430 743 2495 fratris
765 2432 801 2494 in
825 2450 942 2512 regem
970 2433 1063 2513 apud
1088 2431 1309 2514 Kingestune

360 2542 557 2595 coronatus.
627 2530 728 2594 Unde
766 2551 829 2614 pro
868 2537 1045 2595 tantorum
1071 2536 1310 2596 'successuum

360 2629 485 2712 gloria,
508 2638 543 2695 et
563 2630 658 2695 illius
684 2631 752 2694 diei
773 2632 908 2709 laetitia,
925 2629 1013 2718 (non
1028 2630 1186 2718 injuria)
1202 2632 1311 2698 versi-

361 2729 447 2794 ficus
463 2731 656 2795 exclamat:

383 2884 393 2913 ‘
411 2878 526 2962 Regia
539 2881 722 2963 progenies
738 2881 905 2963 produxit
919 2881 1035 2946 nobile
1051 2887 1197 2944 stemma

411 2979 500 3044 Cum
518 2982 668 3044 tenebris
685 2982 813 3045 nostris
829 2981 947 3046 illuxit
959 2981 1140 3065 splendida
1155 3001 1303 3063 gemma,

411 3079 565 3161 Magnus
582 3079 808 3159 Adelstanus,
820 3084 944 3164 patriae
961 3082 1078 3158 decuS,
1090 3082 1204 3146 orbita
1214 3083 1312 3160 recti,

412 3179 565 3244 Illustris
581 3183 736 3263 probitas
754 3182 796 3244 de
813 3201 896 3247 vero
911 3183 1029 3246 nescia
1044 3181 1148 3245 flecti.

411 3276 474 3343 Ad
494 3282 605 3363 patris
627 3282 778 3346 edictum
794 3283 897 3346 datus
922 3284 957 3346 in
982 3282 1190 3346 documenta
1210 3282 1310 3346 scho-

511 3381 636 3459 larum,

409 3478 587 3544 ‘Extimuit
602 3482 733 3564 rigidos
749 3482 861 3547 ferula
876 3482 1068 3565 crepitante
1085 3482 1272 3564 magistros
1286 3503 1295 3561 3

397 3747 405 3780 ¹
421 3751 510 3800 Urbem
521 3751 677 3817 Legimum]
696 3752 812 3804 chester.
850 3753 931 3803 sidere
943 3754 998 3802 that
1008 3752 1058 3802 this
1075 3766 1185 3815 passage
1202 3755 1275 3803 tends
1286 3759 1313 3804 to

397 3818 609 3892 ²Ferenduuum.]
636 3824 669 3874 A.
692 3825 740 3886 C.;
765 3825 825 3873 Fer·
849 3840 927 3886 prove
950 3825 992 3872 the
1015 3825 1143 3873 existence
1161 3824 1190 3873 of
1208 3824 1313 3887 knights

361 3890 465 3954 dunam,
477 3893 511 3942 D.
525 3895 557 3943 Ε.
570 3895 601 3943 L.
613 3895 653 3943 M.
850 3909 879 3943 as
901 3909 918 3943 a
940 3894 1044 3943 distinct
1065 3893 1140 3942 order
1160 3909 1252 3957 among
1269 3896 1312 3945 the

396 3959 523 4026 ³Exuit.]
541 3963 588 4025 S.;
605 3965 695 4026 exirit,
706 3961 740 4012 A.
750 3964 780 4014 C.
790 3965 825 4014 D.
850 3965 963 4025 Satons3
983 3963 1079 4025 though
1094 3963 1204 4026 perhaps
1218 3966 1239 4014 it
1252 3981 1312 4028 may

361 4032 394 4079 Ε.
407 4033 438 4080 L.
451 4032 489 4082 M.
850 4039 954 4083 amount
976 4040 1001 4083 to
1024 4034 1128 4097 nothing
1155 4050 1223 4085 more
1250 4036 1312 4085 than

395 4099 582 4158 ⁴Quemetiom
595 4105 743 4165 proemature
760 4104 827 4152 mili·
850 4105 892 4154 the
921 4105 1063 4167 bestowing
1087 4105 1128 4153 his
1161 4106 1215 4156 first
1244 4122 1311 4156 arms

362 4174 410 4218 tem
424 4172 542 4235 fecerat]
571 4173 623 4222 Mr.
647 4173 745 4234 Sharpe
769 4189 827 4223 con·
852 4190 919 4237 upon
930 4175 992 4226 him.
