2858 4890
171 424 243 472 mn.
258 405 301 487 1.]
396 417 509 466 unsri
534 413 661 464 nncuu
684 412 899 462 nncnonuu.
1080 398 1125 462 75

172 579 286 644 titatis
312 575 457 653 dederit,
483 575 612 657 quippe
637 572 753 636 nullus
774 579 855 636 ante
872 572 970 636 illum
987 571 1125 656 Anglus

173 678 362 754 miraculis,
380 675 473 758 quod
497 674 617 750 sciam,
634 672 807 753 viguerit3
831 673 891 754 qui
911 679 991 755 post
1010 681 1125 737 actam

174 785 294 842 sancte
319 777 441 852 vitam,
467 774 564 855 large
589 772 704 836 dando
731 771 968 849 eleemosinas,
986 774 1125 837 crebras

173 879 210 941 in
227 877 295 940 Dei
312 873 501 956 obsequela
517 871 722 956 protelando
747 871 925 948 excubias,
951 880 1126 954 postremo

173 976 249 1040 zelo
266 976 334 1039 Dei
352 973 507 1038 ecclesiae
532 992 610 1036 cum
637 970 759 1053 gentili
784 972 1015 1048 committens,
1032 978 1126 1049 ante,

174 1076 268 1159 quod
284 1075 442 1158 optabat,
459 1072 580 1136 effudit
597 1071 769 1154 spiritum,
787 1089 904 1152 quam,
922 1071 1124 1153 quodtime-

173 1177 247 1253 bat,
271 1173 546 1238 Christianitatis
573 1170 708 1235 videret
742 1169 996 1235 detrimentum.
1049 1170 1126 1236 Nec

174 1275 393 1339 fraudabitur
409 1272 565 1357 profecto
588 1276 779 1352 martyrum
797 1269 920 1351 gloria,
937 1272 997 1352 qui
1013 1271 1125 1352 primo

174 1376 276 1439 bonae
292 1375 376 1438 vitae
394 1371 587 1446 intendens,
605 1368 824 1452 postmodum
843 1368 1004 1450 gloriosae
1022 1371 1125 1434 morti

175 1492 301 1557 corpus
323 1472 538 1555 impendens,
563 1488 681 1533 eorum
703 1469 802 1531 trivit
816 1469 985 1549 vestigia3
1015 1476 1050 1533 et
1065 1489 1124 1532 cu-

175 1573 350 1637 mulatiori
365 1591 452 1655 pene
469 1570 584 1646 laude,
607 1566 699 1650 quod
722 1568 773 1630 illi
795 1567 924 1648 singuli
945 1588 982 1632 se
1004 1569 1124 1650 singu-

176 1675 241 1750 los,
255 1673 314 1736 ille
334 1691 451 1735 secum
469 1670 547 1734 Deo
565 1667 820 1732 consecraverit
834 1673 928 1730 totos
946 1667 1125 1732 Northan·

175 1772 340 1838 himbros.

299 1965 348 2012 DE
369 1964 486 2015 oswlo
510 1964 654 2012 FRATRE
676 1965 805 2013 SANCTI
827 1964 1006 2014 OSWALDl.

229 2071 318 2155 §5st
346 2071 397 2135 Eo
422 2071 530 2152 igitur
557 2072 717 2135 humanis
739 2074 842 2136 rebus
868 2081 1042 2157 exempto,
1061 2072 1128 2137 Os·
1141 2089 1284 2140 onichino

178 2172 266 2235 wius
282 2171 391 2234 frater
408 2171 484 2255 ejus
501 2171 594 2254 apud
612 2172 804 2249 Bemicios,
828 2166 1009 2237 ¹Oswinus
1035 2173 1128 2237 filius
1140 2141 1275 2231 iiiii&

179 2264 375 2347 Osrici,²de
386 2290 455 2353 quo
467 2272 625 2353 superius
636 2270 723 2349 dixi,
733 2271 825 2355 apud
835 2272 973 2350 Deiros,
982 2293 1128 2355 regnum
1140 2256 1292 2353 ΜΨ*

178 2376 409 2453 occuparunt:
434 2371 559 2452 quibus
583 2390 660 2434 cum
682 2373 794 2453 primo
813 2371 856 2435 de
872 2373 1128 2454 provinciarum
1140 2358 1196 2398 Μ’·
1205 2358 1250 2396 ⁶⁴³·

177 2470 347 2535 divisione
368 2468 524 2533 modeste
548 2471 778 2548 convenisset,
803 2490 971 2554 suspenso
987 2473 1130 2551 foedere,

177 2571 214 2633 in
239 2588 305 2633 sua
331 2568 475 2652 pacifice
500 2568 701 2633 discessum.
754 2570 898 2647 Verum,
924 2591 993 2635 non
1020 2573 1130 2637 multo

179 2677 270 2752 post,
287 2689 350 2751 per
367 2669 533 2745 homines,
556 2671 681 2751 quibus
707 2669 793 2732 nihil
811 2671 924 2752 magis
942 2671 1038 2734 cordi
1055 2679 1131 2736 erat

180 2789 283 2852 quam
301 2768 492 2832 discordias
509 2787 634 2845 serere,
652 2788 724 2851 pax
745 2770 887 2833 incertis
909 2771 1129 2852 pactionibus

181 2888 274 2951 saepe
291 2868 481 2944 ludificata,
498 2868 620 2931 ultimo
632 2869 768 2951 penitus
780 2870 940 2951 abrupta,
954 2870 990 2931 in
1006 2877 1130 2935 ventos

179 2969 284 3047 abiit3
303 2968 438 3031 facinus
455 2967 662 3046 miserabile,
677 2968 784 3031 fuisse
799 2968 858 3052 qui
875 2969 1014 3050 regibus
1032 2963 1131 3034 ³con·

180 3067 333 3133 cordiam
349 3067 554 3144 inviderent,
565 3088 629 3132 nec
647 3069 861 3131 abstinerent
874 3069 957 3152 quin
968 3088 1129 3152 eosprae-

181 3167 241 3244 lio,
268 3173 435 3250 quantum
469 3167 505 3231 in
527 3167 613 3250 ipsis
637 3174 724 3245 erat,
758 3169 1020 3249 committerent.
1073 3169 1130 3234 lbi

180 3274 264 3331 tunc
293 3267 444 3344 fortuna,
475 3269 594 3332 multis
624 3275 727 3332 antea
756 3269 927 3332 illecebris
951 3269 1130 3334 Oswinum

180 3367 335 3444 adulata,
360 3367 560 3449 scorpiacea
585 3368 696 3431 cauda
716 3371 1008 3451 persequebatur:
1032 3389 1131 3433 nam-

182 3487 260 3551 que,
293 3486 357 3549 pro
390 3467 535 3548 penuria
568 3469 742 3531 exercitus
768 3469 859 3532 bello
889 3470 1130 3533 abstinendum

181 3575 291 3643 ratus,
328 3567 563 3629 suburbanum
601 3585 661 3629 rus
702 3567 859 3631 clanculo
901 3576 1130 3648 concesserat,
1142 3586 1245 3626 nuthet

183 3667 370 3747 statimque
394 3685 416 3728 a
433 3665 506 3728 suis
521 3665 678 3748 proditus
695 3659 757 3729 4ab
785 3666 903 3732 Oswio
927 3636 1253 3733 interemtus'i'dffii'r.

210 3866 226 3950 '¹
243 3864 378 3937 Osculana]
403 3870 433 3919 C.
443 3870 477 3919 D.
485 3870 516 3918 L.
524 3870 579 3929 M.;
596 3869 646 3918 Oe·
671 3870 796 3952 cordiam'
806 3870 839 3918 A.
852 3872 881 3920 S.
895 3873 925 3921 C.
938 3873 972 3922 D.
980 3872 1011 3922 L.
1020 3873 1060 3923 Μ.
1071 3871 1133 3923 read

183 3938 348 4001 wms'AnE·
626 4037 628 4042 .
671 3940 877 4059 ‘sffdffimgziirio
903 4009 1045 4061 interemtus
1071 4008 1132 4083 est]

219 4077 229 4106 ²
240 4080 330 4142 Deque
339 4077 451 4142 superius
461 4073 541 4146 diet]
559 4078 573 4142 §
584 4081 624 4127 49.
672 4076 786 4139 Oswine,
796 4080 860 4142 king
870 4081 996 4143 olDeira,
1003 4097 1058 4131 was
1069 4084 1135 4132 slain

672 4150 704 4209 by
717 4149 808 4198 Oswill
820 4151 850 4199 os
858 4151 1014 4201 Bemiciaon
1022 4153 1064 4202 the
1075 4154 1136 4202 noth

219 4216 229 4246 ³
242 4219 421 4282 Concordiam]
433 4220 465 4268 Ε.
476 4235 483 4280 ;
495 4219 559 4268 after
570 4218 645 4268 ‘con-
672 4218 701 4266 oi
708 4219 820 4283 August,
830 4221 899 4270 AJ).
909 4225 966 4271 651.
